2940 4996
259 309 285 412 16
764 331 852 410 Leges
867 336 970 409 regiae.

263 519 406 587 0001111
432 519 615 587 habendum
644 540 710 584 esse
733 515 899 582 constituit
921 535 1106 600 mensesque
1127 513 1175 580 ita
1196 514 1372 600 disposuit,
1406 519 1447 579 ut

266 632 419 713 quattuor
441 651 480 692 ex
501 627 552 691 his
575 623 694 704 XXXI,
715 646 770 699 sex
793 643 867 687 vero
889 620 982 685 XXX
1002 620 1158 685 haberent
1171 618 1276 686 dios.l

353 734 383 797 6.
406 725 591 796 Macrobius
615 731 860 814 (sot.1‚13‚20):
888 727 1022 803 Quando
1044 764 1088 773 —
1110 726 1250 812 primum
1271 719 1447 792 intercala-

263 842 334 904 tum
356 838 408 918 sit,
441 837 528 902 varie
551 832 697 916 refertur,
721 839 752 900 et
774 833 882 898 Macer
904 832 1032 918 quidem
1054 830 1195 896 Licinius
1218 831 1284 896 eius
1307 831 1354 896 rei
1378 831 1444 896 ori-

264 945 373 1030 ginem
394 940 533 1008 Romulo
557 939 738 1028 1111111111.Ξ

745 1113 966 1182 effantur.

304 1264 305 1269 ’
354 1259 384 1322 7.
407 1257 505 1323 Dico.
523 1256 664 1342 (2,25);3
687 1255 724 1322 Ὁ
748 1257 783 1319 δὲ
798 1254 959 1340 Ῥωμύλος
982 1257 1096 1320 -ἕνα
1112 1293 1153 1303 -
1175 1247 1270 1340 νύμον
1285 1294 1329 1304 -
1345 1277 1450 1320 κατα-

264 1360 456 1448 στησάμενος
479 1363 522 1438 εἰς
544 1361 803 1446 σωφροσύνην-
820 1363 923 1446 ἤγαγε
945 1363 1001 1436 τάς
1021 1370 1182 1446 γυναῖκας.
1211 1364 1250 1448 ην
1267 1363 1301 1427 δὲ
1316 1362 1444 1427 τοιόσδε

266 1467 283 1531 ὁ
305 1468 416 1552 νόμος·
448 1474 584 1553 γυναῖκα
606 1470 744 1551 γαμετὴν
767 1468 824 1551 την
847 1468 931 1530 κατὰ
950 1466 1088 1550 γάμους4
1110 1467 1212 1551 ἱεροὺς
1228 1466 1449 1532 συνελθοῦσαν

270 1575 359 1658 ἀνδρὶ
381 1577 531 1638 κοινωνὸν
555 1573 700 1637 ἁπάντων
724 1573 801 1636 εἶναι
823 1572 992 1656 χρημάτων
1016 1593 1051 1636 τε
1074 1575 1129 1637 καὶ
1152 1573 1252 1656 ἱερῶν.

354 1681 384 1744 8.
416 1679 513 1759 Dion,
539 1679 681 1764 (2,,25);ὅ
716 1677 825 1743 Ταῦτα
847 1715 891 1726 -
915 1678 944 1741 oi
965 1687 1126 1762 συγγενεῖς
1150 1680 1229 1761 μετὰ
1251 1685 1307 1740 τοῦ
1331 1678 1449 1762 ἀνδρὸς

265 1783 422 1864 ἐδίκαζον·
447 1784 478 1848 ἐν
502 1786 546 1859 οἷς
568 1786 607 1868 ην
630 1783 737 1867 φθορά
760 1781 914 1866 σώματος,
937 1784 992 1846 καὶ
1021 1820 1056 1829 -
1080 1784 1109 1846 εἴ
1129 1802 1174 1857 τις
1190 1782 1271 1846 οἶνον
1287 1783 1437 1871 εὑρεθείη

266 1897 381 1953 πιοῦσα
403 1889 493 1974 γυνή,
529 1888 693 1973 ἀμφύτερα
715 1887 777 1972 γάρ
800 1895 898 1950 ταῦτα
920 1887 1050 1973 θανάτῳ
1074 1888 1203 1972 ζημιοῦν
1225 1889 1449 1977 συνεχώρησεν

268 1992 480 2079 ὁῬωμύλος.
713 2013 714 2016 ’
1236 2068 1240 2073 ,

358 2101 388 2165 9.
423 2099 617 2165 Plutarchus
641 2094 746 2183 (Rom.
769 2098 867 2183 22)16
889 2097 1016 2184 Ἔθηκε
1039 2095 1074 2187 ’δὲ
1097 2101 1152 2163 καὶ
1171 2098 1286 2184 νόμους
1308 2101 1393 2178 τινάς
1419 2102 1450 2188 (ὁ

267 2195 456 2290 Ῥωμύλος),
480 2202 522 2267 ὢν
544 2205 680 2287 σφοδρὸς
703 2203 758 2288 μὲν
782 2205 863 2267 ἐστιν
886 2205 903 2267 ὁ
924 2207 1048 2288 γυναυιί
1072 2208 1114 2289 μὴ
1139 2206 1241 2280 διδούς
1265 2206 1451 2272 ἀπολείπειν

267 2310 375 2394 ἄνδρα,
398 2316 534 2393 γυναῖκα
558 2311 592 2373 δε
616 2311 720 2384 διδούς
744 2309 910 2395 ἐκβάλλειν
927 2311 977 2373 ἐπὶ
993 2310 1176 2395 φαρμακείᾳ
1191 2310 1311 2375 τέκνων
1325 2313 1347 2397 ἢ
1360 2312 1449 2377 κλει-

267 2416 330 2480 δῶν
351 2412 504 2501 Ἰύποβολη
533 2416 588 2478 καὶ
618 2415 856 2500 μοιχευθεῖσαν·
891 2416 918 2478 εἰ
950 2414 978 2478 δ’
1008 2415 1113 2491 ἄλλως
1145 2438 1190 2491 τις
1212 2416 1449 2504 ἀποπέμψαιτο,

340 2555 370 2624 1)
390 2554 431 2624 Of.
453 2555 655 2622 Macr.1,12,5:
672 2554 796 2624 primum
815 2553 882 2608 anni
892 2571 1015 2608 mensem
1027 2554 1149 2624 genitori
1168 2573 1217 2612 suo
1229 2556 1317 2610 Marti
1330 2557 1450 2624 dicavit,

268 2660 351 2712 quem
370 2659 494 2697 mensem
514 2641 582 2696 anni
600 2643 722 2712 primum
740 2642 826 2696 fnisse
844 2643 890 2697 vel
910 2660 943 2698 ex
960 2642 1013 2698 hoc
1024 2643 1145 2699 maxime
1158 2643 1303 2713 probatur,
1323 2647 1398 2714 quod
1412 2647 1449 2702 ab

266 2731 328 2800 ipso
364 2728 497 2794 Quintilis
525 2728 641 2797 quintus
669 2731 711 2783 est
736 2731 765 2784 et
796 2729 924 2798 deinceps
948 2746 999 2799 pro
1024 2747 1140 2785 numero
1163 2730 1395 2788 nominabantur.
1414 2766 1450 2775 —

269 2817 296 2889 2)
317 2816 405 2870 Macr.
433 2816 524 2870 addit:
550 2815 652 2870 Antias
677 2845 705 2854 -
727 2814 851 2870 Numam
870 2815 1040 2886 Pompilium
1060 2833 1202 2873 sacrorum
1221 2833 1304 2871 causa
1322 2817 1352 2871 id
1370 2819 1451 2876 inve·

272 2904 345 2959 nisse
373 2902 525 2958 contendit.
562 2903 659 2956 Iunius
688 2903 815 2957 Servium
843 2903 968 2957 Tullium
996 2921 1091 2974 regern
1116 2907 1239 2974 primum
1262 2905 1450 2964 intercalasse

271 2991 478 3047 commemorat.
502 3018 535 3029 -
555 2988 712 3042 Tuditanus
730 2988 817 3043 refert
841 3019 869 3029 -
887 2989 1065 3054 decemviros,
1084 2991 1132 3059 qui
1151 2990 1176 3043 X
1195 2990 1301 3045 tabulis
1320 2992 1348 3045 ΙΙ
1368 2994 1450 3048 addi-

270 3079 381 3143 derunt,
400 3077 435 3132 de
453 3070 649 3132 intercalando
669 3077 805 3146 populum
824 3093 938 3146 rogasse
958 3079 1006 3147 (cf.
1027 3070 1180 3146 XH.1,2);
1205 3076 1316 3132 Cassius
1335 3082 1448 3136 eosdem

271 3166 368 3223 scribit
387 3168 522 3222 auctores.
550 3165 666 3219 Fulvius
686 3167 780 3220 autem
799 3165 829 3218 id
852 3166 940 3235 egisse
959 3166 1004 3221 Μ.’
1024 3167 1145 3221 Acilium
1164 3167 1305 3223 consulem
1324 3168 1394 3224 dicit
1407 3170 1446 3226 ab

270 3275 297 3310 1.
318 3271 340 3310 o.
359 3272 435 3310 ann-o
454 3256 512 3318 562,
531 3284 566 3293 -
584 3254 633 3309 sed
651 3255 703 3310 hoc
721 3255 819 3324 arguit
833 3255 922 3311 Varro
941 3255 1094 3318 scribendo,
1114 3255 1342 3324 antiquissimam
1356 3257 1450 3327 legem

269 3344 355 3398 fuisse
379 3342 496 3398 incisam
522 3342 552 3396 in
575 3342 706 3398 columna
734 3358 817 3396 aerea
841 3360 858 3395 a
878 3342 908 3398 1..
927 3341 1040 3397 Pinario
1064 3345 1095 3396 et
1112 3341 1196 3398 Furio
1215 3361 1268 3400 cos.
1286 3345 1376 3414 (282),
1404 3346 1450 3400 cui

268 3431 375 3486 menti-o
403 3429 580 3485 intercalaris
609 3428 786 3484 adscribitur.
825 3429 867 3498 Of.
892 3429 981 3498 Vadit,
1008 3431 1053 3484 ius
1071 3431 1119 3484 αὐ.
1137 3447 1166 3484 α.
1182 3438 1251 3500 aaa.
1271 3436 1322 3488 187
1345 3440 1449 3491 a.175.

270 3517 427 3584 Mommsen,
442 3517 567 3571 01110101.
581 3520 706 3584 11,31‚40.
731 3517 866 3584 Huschke,
879 3516 1033 3573 reinduat.
1046 3521 1181 3585 rac-58.
1200 3550 1234 3558 —
1254 3521 1281 3590 3)
1300 3522 1450 3588 (Romulus

270 3623 328 3659 una
347 3606 410 3673 lege
430 3605 492 3659 lata
510 3605 547 3659 ad
565 3605 733 3660 modestiam
752 3604 875 3659 adduxit
890 3604 1029 3659 mulieres.
1057 3605 1133 3670 Quae
1145 3607 1192 3661 lex
1203 3606 1273 3661 haec
1284 3611 1360 3664 erat:
1382 3630 1450 3669 uxo·

269 3709 337 3758 rem,
356 3710 430 3762 quae
449 3694 556 3763 nuptiis
574 3693 692 3749 sacratis
711 3693 957 3762 (confarreatione)
975 3692 1006 3746 in
1018 3711 1135 3748 manum
1152 3694 1250 3749 mariti
1263 3698 1449 3765 convenisset,

270 3781 492 3838 communionem
511 3797 573 3834 cum
592 3797 624 3836 eo
642 3780 746 3835 habere
764 3781 889 3836 omnium
908 3781 1045 3836 bonorum
1071 3784 1100 3836 et
1118 3785 1281 3851 sacrorum.)
1300 3814 1335 3823 -
1354 3788 1382 3855 4)
1402 3788 1449 3843 Ita

271 3867 390 3923 Siateaie
403 3885 457 3938 pro
476 3874 578 3936 νόμους.
599 3898 631 3907 -
651 3871 678 3936 5)
696 3869 749 3939 (De
766 3869 810 3922 his
829 3869 1035 3938 cognoscebant
1053 3869 1168 3938 cognati
1187 3886 1250 3923 oum
1268 3872 1387 3929 marito:
1415 3876 1450 3930 de

271 3955 420 4012 adulteriis
438 3957 468 4010 et
486 3955 509 4008 si
528 3973 585 4024 qua
603 3957 700 4011 vinum
719 3957 823 4011 bibisse
842 3959 1022 4027 argueretur;
1042 3959 1094 4014 hoc
1106 3962 1256 4027 utrumque
1268 3960 1344 4014 enim
1357 3965 1450 4018 morte

270 4045 371 4115 punire
395 4044 530 4100 Romulus
554 4046 708 4112 concessit.)
740 4046 782 4115 Of.
801 4047 875 4101 Fosi.
895 4045 1035 4101 Osculum.
1055 4076 1089 4086 -
1108 4048 1134 4116 6)
1154 4046 1321 4116 (Constituit
1340 4067 1451 4119 quoque

272 4132 349 4201 leges
368 4131 514 4200 quasdam,
533 4150 653 4201 quarum
671 4133 724 4187 illa
742 4133 813 4188 dura
832 4136 883 4199 est,
902 4150 974 4203 quae
986 4135 1066 4190 uxori
1078 4152 1135 4191 non
1153 4135 1297 4203 permittit
1310 4136 1451 4193 divertere

271 4238 289 4275 a
307 4219 418 4283 marito,
441 4221 472 4273 at
490 4220 595 4276 marito
613 4221 757 4290 permittit
773 4239 887 4277 uxorem
907 4222 1055 4291 repudiare
1068 4223 1182 4291 propter
1196 4222 1361 4277 veneficium
1374 4225 1449 4280 circa

271 4307 380 4378 prolem
404 4309 449 4362 vel
470 4307 669 4364 subiectionem
681 4309 804 4364 claviam
814 4311 859 4364 vel
872 4310 1044 4364 adulterium
1053 4308 1237 4375 commissum,
1251 4310 1353 4366 sivero
1367 4311 1451 4367 aliter

275 4393 336 4464 quis
356 4410 373 4448 a
391 4409 420 4449 ss
438 4393 599 4449 dimitteret
616 4410 742 4462 uxorem,
767 4397 905 4453 bonorum
924 4399 983 4454 eius
1000 4401 1111 4468 partem
1130 4399 1223 4455 uxoris
1243 4399 1311 4465 fieri,
1335 4403 1449 4470 partem
