2940 4996
568 1109 873 1210 PRAEFATIO

410 1341 720 1409 EDITIONIS
751 1340 1040 1419 QUARTAE.

203 1725 359 1837 Tertiam
381 1773 435 1837 vix
458 1773 623 1837 emiseram
646 1771 742 1836 huius
763 1770 866 1836 libelli
884 1771 1065 1852 editionem,
1090 1796 1162 1838 cum
1177 1794 1260 1838 nova
1274 1773 1308 1836 in

133 1896 243 1960 luoem
267 1897 412 1978 prodiere
440 1896 517 1961 iuris
544 1900 750 1961 monumenta
771 1896 960 1983 gravissima
982 1896 1078 1960 haee:
1107 1897 1235 1961 babulae
1257 1917 1308 1960 oe-

129 2023 224 2083 ratae
246 2017 473 2103 Pompeianae,
503 2041 603 2084 novae
633 2017 761 2083 babulae
783 2017 997 2099 Ursonenses,
1030 2019 1080 2084 lex
1103 2020 1225 2084 melalli
1247 2018 1308 2085 Vi·

128 2140 302 2225 pascensis.
348 2140 435 2212 Quae
464 2141 572 2207 libello
607 2141 712 2206 deesse
740 2162 803 2225 quo
826 2140 929 2227 magis
952 2141 1114 2221 dolebam,
1146 2164 1183 2207 eo
1205 2142 1307 2207 liben-

131 2263 201 2327 tius
234 2262 427 2347 bibliopolae
453 2264 528 2328 cedo
549 2285 665 2328 novam
688 2264 753 2327 iam
775 2285 859 2328 nuno
879 2265 1023 2348 poscenti
1045 2264 1225 2330 editionem.
1268 2264 1307 2329 In

130 2409 198 2470 qua
223 2385 406 2451 adornanda
427 2387 487 2452 hoo
510 2388 649 2471 primum
672 2387 790 2467 curavi,
814 2390 851 2451 ub
873 2387 937 2451 iria
957 2385 1015 2450 illa
1029 2390 1235 2451 monumenta
1256 2409 1306 2451 re-

129 2511 331 2594 ciperenlur3
356 2508 427 2574 dein
450 2513 482 2574 el
504 2508 568 2572 alia
591 2510 746 2594 quaedam
768 2511 893 2575 minora
916 2515 948 2575 et
967 2513 1102 2596 rogante
1117 2511 1219 2575 amico
1241 2510 1306 2575 ool·

129 2634 207 2718 lega
238 2632 415 2696 orationem
438 2630 562 2696 Claudii
593 2632 631 2697 de
662 2634 731 2698 iure
759 2633 916 2698 honorum
940 2630 1040 2698 Gallis
1072 2632 1175 2697 dando
1197 2633 1330 2712 adieci„

130 2754 246 2820 Cetera
277 2777 342 2819 non
374 2752 513 2833 mutavi,
544 2754 607 2818 nisi
631 2755 715 2840 quod
738 2759 852 2820 cunoba
882 2754 973 2820 novis
997 2754 1081 2819 euris
1104 2756 1307 2838 permutavi,

127 2878 290 2964 praetoris
313 2877 451 2942 ediobum
475 2877 652 2942 aoourabius
674 2877 796 2964 redegi,
811 2877 985 2970 ,Banbinae
1008 2877 1136 2942 babulae
1159 2877 1306 2962 epiorisin

127 3000 354 3070 Buorbolorus
376 3000 527 3065 benevole
549 3001 705 3066 adhibuit.
744 3001 792 3066 De
807 3001 932 3065 ratione
954 3000 1119 3085 philologo
1134 3022 1219 3065 nuno
1234 3022 1305 3064 oum

124 3126 195 3190 filio
221 3124 320 3192 Ινοηθ
345 3123 451 3191 Bruns
473 3122 639 3209 philologo
661 3125 752 3208 potui
774 3124 958 3189 deliberare.

212 3297 340 3380 Scripsi
362 3296 560 3361 Berolini
583 3320 690 3362 mense
712 3295 843 3362 Oobobri
866 3320 895 3361 a.
918 3294 1205 3362 MDOOCLXXIX.
