2954 5010
498 293 588 366 Leges
604 293 658 350 XII
676 292 852 350 tabularum.

533 557 713 627 TABULA
734 557 809 626 ΧΠ.

168 706 198 773 l.
247 705 351 772 Gaius
374 701 500 792 (4,2e).·
522 701 673 789 Lege-
694 702 877 768 introducta
907 707 956 768 est
983 703 1128 789 pignoris
1156 705 1258 789 capio,

73 811 177 878 veluti
199 811 271 897 lege
292 808 357 874 XII
379 809 445 875 tab.
477 809 627 874 adversus
657 830 747 889 eum,
782 808 837 894 qui
867 807 1008 874 hostiam
1041 809 1171 874 emisset
1200 833 1258 876 nec

70 917 214 1004 pretium
235 915 395 994 redderet3
418 913 497 980 item
519 915 669 980 adversus
692 936 785 994 eum,
815 914 1068 999 quimercedem
1098 936 1163 979 non
1185 917 1256 980 red-

74 1024 165 1090 deret
187 1044 247 1107 pro
268 1043 307 1087 eo
332 1019 485 1101 iumento,
509 1020 594 1106 quod
610 1020 681 1105 quis
696 1020 767 1085 ideo
785 1018 929 1100 locasset,
952 1024 989 1084 ut
1003 1019 1076 1085 inde
1090 1020 1257 1106 pecuniam

75 1132 242 1214 acceptam
263 1127 298 1191 in
320 1126 443 1211 dapem,
467 1125 499 1191 id
522 1130 570 1192 est
593 1125 628 1190 in
650 1125 852 1205 sacrificium,
875 1125 1080 1210 impenderet.

159 1234 191 1298 2.
214 1254 243 1298 a.
288 1230 322 1298 Sr
356 1253 462 1297 suevus
484 1253 603 1297 ruerem
625 1253 710 1296 rsxrr
732 1253 875 1297 noxnuvu
898 1227 1022 1318 no[x]1r.
1045 1267 1089 1278 -
1113 1230 1142 1298 b.
1179 1232 1254 1297 Get.

70 1337 248 1427 (c‚75.76).·
269 1336 320 1402 Ex
335 1336 499 1403 maleficiis
514 1335 654 1403 filiorum
669 1337 811 1404 familiae
827 1352 1052 1422 servorumque
1067 1374 1111 1385 -—
1122 1338 1254 1404 noxales

69 1445 212 1511 actiones
234 1444 379 1530 proditae
400 1446 485 1525 sunt,
509 1442 558 1508 uti
579 1443 689 1510 liceret
711 1443 796 1528 patri
821 1443 989 1509 dominove
1004 1447 1061 1508 eut
1075 1442 1142 1507 litis
1158 1441 1255 1508 aesti-

68 1551 245 1616 mationem
260 1549 385 1630 euffere‚
409 1553 465 1614 aut
484 1570 585 1614 noxae
608 1548 719 1614 dedere
736 1587 787 1612 -.
820 1545 1020 1615 Constitutee
1042 1552 1118 1613 sunt
1139 1552 1255 1614 —aut

27 1728 31 1745 Ι
67 1655 196 1742 legibus
218 1655 399 1722 antedicto
421 1653 593 1739 praetoris:
618 1653 743 1739 legibus
766 1652 855 1719 velut
876 1653 956 1720 furti
978 1655 1049 1740 lege
1071 1651 1135 1719 ΧΠ
1156 1654 1252 1720 tebu-

67 1763 176 1828 larum
198 1765 249 1828 cot.

158 1871 190 1934 3.
236 1865 270 1933 Sr
292 1888 441 1933 vnmrcmrr
462 1888 573 1932 rmssn
594 1888 698 1945 rumr,
733 1888 759 1930 sr
782 1887 867 1932 vxmr
891 1888 948 1932 1s.
973 1917 981 1933 .
1005 1913 1012 1930 .
1037 1887 1093 1930 ron
1114 1886 1252 1930 suxrrnos

66 1997 134 2039 rrus
156 1996 242 2050 osro,
265 1995 363 2039 norun
385 1994 518 2037 inurere
542 2020 549 2037 .
575 2022 583 2037 .
607 2020 615 2036 .
640 1995 769 2039 renerus
790 1995 929 2038 nurmour
952 1994 1075 2038 omnum
1095 1994 1237 2037 uncrorro.

156 2080 188 2146 4.
237 2078 343 2143 Gaius
365 2079 383 2144 l.
415 2077 468 2143 VI
487 2078 530 2144 ud
542 2077 626 2142 XII
634 2077 691 2162 (D.
715 2077 857 2161 44‚6‚3):
880 2077 971 2158 Rem,
994 2078 1033 2143 de
1045 2101 1109 2164 qua
1124 2081 1251 2142 contro-

66 2184 172 2250 versia
202 2188 271 2264 eet,
303 2182 510 2268 prohibemur
547 2183 632 2269 (lege
665 2182 729 2249 XII
759 2183 839 2268 tab.)
870 2185 904 2248 in
933 2206 1058 2249 sacrum
1089 2184 1252 2249 dedicare:

67 2290 213 2376 alioquin
236 2289 326 2375 dupli
349 2311 484 2374 poenam
506 2291 658 2375 patimur,
680 2328 725 2338 —
747 2290 802 2355 sed
824 2289 957 2374 duplum
979 2292 1088 2354 utrum
1110 2289 1186 2355 fiseo
1210 2313 1250 2356 an

68 2396 255 2462 adversario
277 2394 504 2481 praestandum
527 2395 580 2475 sit,
602 2396 684 2461 nihil
707 2395 907 2481 exprimitur.

153 2502 185 2569 5.
232 2501 344 2567 liuor
374 2501 495 2586 (7,17):
526 2502 561 2566 in
589 2500 653 2567 XII
683 2501 803 2567 tabulis
834 2501 939 2587 legem
970 2524 1055 2582 esse,
1088 2505 1125 2566 ut
1148 2502 1250 2587 quod-

65 2630 203 2694 cumque
225 2611 423 2693 postremum
444 2607 580 2692 populus
603 2607 757 2688 iussisset,
781 2607 814 2673 id
836 2607 886 2672 ius
909 2610 1079 2692 ratumque
1100 2610 1192 2672 esset.

68 2827 108 2872 tus
126 2827 166 2872 ert
184 2823 266 2872 scriba
284 2824 390 2888 quidum,
411 2824 454 2872 On.
463 2825 572 2883 Pierius,
590 2826 632 2889 qui
646 2826 768 2874 cornicum
785 2829 864 2875 oeulos
876 2825 1002 2874 eonfixerit
1014 2828 1040 2873 et
1051 2825 1152 2885 singulis
1164 2824 1249 2872 diebus

63 2912 200 2961 educendis
225 2912 302 2960 festos
325 2916 414 2977 populo
441 2915 602 2978 pmpoeuerii.
646 2907 719 2961 Plio.
749 2909 786 2976 (n.
805 2907 831 2961 h.
849 2908 976 2978 33,1‚17):
1003 2914 1049 2962 Hie
1066 2907 1121 2975 (Gn.
1139 2905 1250 2974 Flavius)

62 3001 195 3064 publicetis
224 3000 312 3070 diebus
337 3002 408 3049 rastis
433 3014 493 3064 quos
519 3004 624 3064 populus
649 3017 664 3050 e
685 3004 770 3065 penate
793 3004 928 3066 principum
954 3004 1062 3066 quotidie
1081 3001 1182 3065 petebat
1200 3000 1247 3050 cet.

64 3081 124 3138 Liv.
144 3081 245 3153 (9,46):
264 3089 305 3137 On.
325 3090 424 3138 Flavius
444 3113 477 3122 —
495 3091 566 3138 civile
585 3092 632 3150 ius,
651 3093 784 3155 reposIIum
801 3092 826 3138 iu
839 3091 1006 3155 penetralibus
1017 3091 1165 3154 pontificum,
1181 3093 1248 3137 evul-

66 3177 134 3245 gavit
152 3178 282 3239 iustosque
295 3177 361 3225 circa
379 3178 458 3226 iorum
475 3179 501 3226 in
513 3178 569 3227 elbo
583 3181 715 3242 preposuit,
734 3184 770 3237 ut,
789 3179 886 3242 quando
908 3183 962 3238 lege
976 3179 1017 3238 agi
1030 3182 1119 3241 posset,
1138 3178 1247 3224 sonetur.

64 3255 152 3314 Maur.
172 3257 235 3329 (sat.
244 3257 327 3328 1,15):
345 3266 433 3314 PriseIs
451 3280 509 3327 ergo
528 3268 684 3329 temporibus,
704 3272 836 3332 antequam
854 3268 913 3315 iasii
932 3283 948 3314 e
960 3267 1003 3315 On.
1015 3267 1099 3314 Flavio
1117 3265 1197 3315 scribe
1209 3267 1245 3312 in·

65 3353 120 3400 ritis
137 3351 251 3415 patribus
269 3354 295 3400 iu
312 3354 417 3401 emnium
429 3354 543 3401 notitiem
555 3354 714 3416 proderentur
726 3354 774 3403 cet.
806 3348 865 3404 Vol.
876 3347 953 3403 Mac.
963 3349 1043 3416 2‚5‚2.
1061 3346 1144 3401 Diod.
1156 3349 1245 3415 20‚36.

132 3440 186 3488 XII
215 3442 244 3490 le
277 3432 319 3503 ΟΥ.
338 3433 412 3491 Feei.
430 3443 506 3505 Daps.
542 3434 581 3492 D.
599 3439 777 3505 50‚16.238‚2.

133 3529 158 3574 2.
196 3520 256 3590 Uip.
275 3521 313 3576 ad
328 3521 369 3575 ed.
389 3520 437 3591 (D.
456 3522 579 3593 9,4,2‚1).·
597 3531 680 3578 Oelsue
699 3531 861 3580 differendam
880 3534 941 3581 feeit
958 3534 1022 3580 inter
1041 3535 1056 3580 l.
1076 3532 1201 3595 Aquilium
1219 3536 1245 3580 et

64 3618 142 3676 legem
162 3615 215 3663 XII
236 3616 288 3663 tab.
323 3616 387 3663 Nam
405 3617 431 3662 iu
448 3618 503 3676 lege
521 3620 630 3682 cunque,
650 3621 671 3666 si
689 3633 773 3667 servus
791 3621 883 3668 sciente
901 3622 997 3668 domino
1015 3621 1107 3668 furtum
1125 3620 1192 3678 feeit,
1211 3643 1245 3653 -

64 3706 126 3753 servi
143 3705 241 3752 nemine
259 3704 323 3751 aetio
342 3708 380 3750 est
391 3704 494 3762 noxalis,
514 3719 558 3752 neo
570 3705 682 3755 dominus
695 3721 738 3754 suo
752 3709 847 3756 nomiae
859 3711 972 3768 tenetur3
991 3711 1056 3757 etin
1070 3712 1124 3769 lege
1138 3711 1244 3771 Aquilia,

63 3793 156 3854 iuquit,
183 3792 293 3839 dominns
312 3805 356 3838 sno
375 3791 470 3838 nomine
489 3795 594 3851 tenetur,
613 3808 661 3842 nen
679 3797 751 3843 servi·
772 3819 800 3828 -
824 3797 872 3844 Sed
890 3800 910 3844 si
928 3800 1034 3859 placeat,
1052 3798 1117 3860 quod
1133 3797 1245 3843 Iulieuus

66 3903 96 3913 -
113 3879 213 3928 scribit:
237 3871 267 3925 ‘si
284 3903 316 3912 -
334 3880 417 3926 nocuit
441 3875 522 3942 (noxit
539 3890 587 3930 em.
606 3875 768 3946 Pe'thoeuei',
796 3887 871 3933 etiem
889 3886 921 3933 ed
939 3886 1085 3948 posteriores
1104 3888 1171 3944 leges
1188 3898 1244 3946 per·

63 3968 146 4028 tinere,
166 3967 330 4031 potent-diei,
349 3969 424 4016 etim
442 3970 506 4015 servi
524 3971 621 4017 nomine
638 3985 693 4019 eum
711 3972 807 4019 domino
825 3975 866 4033 egi
884 3987 954 4035 posse
973 3973 1056 4020 noxali
1075 3974 1172 4022 iudicio.
1201 3966 1244 4035 Of.

64 4047 133 4105 Fet.
152 4055 243 4104 Noxia.
270 4047 308 4104 D.
326 4051 428 4118 47‚6,5;
445 4052 619 4119 50,16‚238,3.
656 4051 736 4106 Paul.
754 4060 820 4111 sent.
838 4057 934 4122 2,31,7.

128 4139 155 4192 3.
183 4134 258 4191 Fert.
276 4144 411 4192 VIndioiue.
450 4137 838 4211 fontemmortuum
855 4142 934 4197 Festi
949 4143 1066 4212 epitome.

128 4227 152 4279 5.
179 4223 242 4280 Irr'v.
262 4225 359 4296 (7,17):
384 4234 415 4280 In
433 4236 537 4281 seeundo
557 4235 695 4294 iuterregno
714 4230 752 4299 (a.
765 4231 827 4299 399)
845 4241 900 4284 orte
918 4238 1039 4284 contentio
1051 4240 1097 4294 est,
1116 4239 1181 4298 qnod
1194 4239 1241 4285 duo

66 4321 157 4382 patricii
172 4322 293 4369 ‘eonsules
317 4320 479 4382 creabantum
507 4323 761 4389 intercedentibusque
786 4327 889 4374 tribunis
909 4329 1016 4374 iuterrex
1034 4325 1124 4374 Fabius
1143 4328 1239 4374 aiebat:

65 4401 94 4454 'iu
110 4407 162 4457 ΧΠ
180 4430 214 4442 -
233 4401 319 4468 esset';
341 4408 432 4457 iussum
451 4410 533 4473 pepuli
551 4413 577 4458 et
596 4410 713 4473 suffragia
741 4425 804 4461 esse.
842 4405 884 4476 Of.
902 4405 964 4462 Iste.
982 4410 1043 4476 9‚34
1067 4422 1100 4462 ex
1118 4408 1240 4464 oratione
