2940 4996
140 255 171 320 X

145 432 308 518 eligendos
330 431 427 510 locos,
451 429 513 494 sibi
535 429 662 509 habeat,
685 429 805 495 infitias
828 451 893 494 non
914 429 985 494 ibo:
1008 430 1143 495 liberum
1159 432 1317 516 quoddam

141 556 175 619 in
207 554 266 619 tali
295 575 329 618 re
360 553 592 619 concedendum
623 555 671 617 est
694 551 878 634 arbitrium3
907 553 1017 636 utique
1040 554 1212 618 cavendum
1235 556 1316 620 milri

141 680 219 757 erat,
242 698 282 741 ne
304 676 405 740 nimia
428 675 519 740 fieret
539 673 641 739 libelli
665 673 773 739 moles.

229 799 360 864 Penitus
384 797 592 863 recedendum
621 818 639 860 a
661 796 767 880 priore
789 796 927 861 editione
948 798 1028 862 mihi
1051 803 1119 863 erat
1140 799 1174 862 in
1197 803 1316 868 consti·

143 923 267 988 tuendis
299 925 367 985 tam
395 919 503 1005 legum
532 941 629 1004 quam
652 922 828 983 ceterorum
850 919 990 982 locorum
1012 919 1210 986 lectionibus.
1257 923 1316 987 Et-

143 1046 226 1110 enim
249 1043 472 1110 abstinendum
495 1046 564 1108 erat
587 1043 627 1106 ab
650 1040 738 1106 omni
760 1039 812 1106 cui
826 1039 1020 1106 indulseram
1035 1041 1170 1124 licentia,
1194 1067 1234 1109 ne
1249 1068 1316 1111 ser·

142 1191 267 1233 monem
299 1168 467 1253 antiquum
496 1168 530 1231 in
562 1166 769 1231 recentiorem
800 1168 1015 1230 converterem
1045 1187 1123 1230 neve
1154 1167 1221 1232 ullo
1251 1169 1316 1234 alio

142 1292 236 1356 modo
260 1290 420 1375 legitimas
444 1289 617 1374 scripturas
640 1290 812 1364 mutarem3
836 1289 1023 1372 praesertim
1045 1288 1079 1352 in
1100 1288 1317 1374 inscriptioni·

138 1412 212 1496 bus
232 1410 469 1475 accuratissime
500 1408 746 1493 archetyporum
781 1411 905 1472 textum
938 1407 1048 1495 (etiam
1079 1411 1107 1475 si
1141 1412 1314 1498 orthogra-

142 1533 254 1618 phiam
276 1535 416 1616 spectas)
441 1530 574 1597 servavi.
608 1529 811 1595 Necessariae
826 1531 979 1596 vitiorum
994 1534 1228 1600 emendationes
1243 1537 1317 1602 ubi-

144 1680 205 1742 que
235 1660 292 1720 aut
313 1657 398 1720 notis
430 1659 485 1720 aut
508 1654 687 1719 litterarum
715 1653 819 1718 forma
841 1653 997 1735 indicavi;
1026 1660 1118 1753 notas
1141 1680 1225 1741 vero,
1248 1665 1317 1726 tam

144 1780 269 1845 criticas
292 1802 389 1863 quam
411 1778 583 1843 litterariae
608 1781 640 1843 et
661 1777 855 1863 exegeticon,
890 1779 930 1842 ad
952 1782 1039 1844 artos
1062 1779 1138 1845 libri
1159 1784 1317 1849 manualis

141 1903 220 1967 fines
243 1902 359 1987 redegi.
405 1901 592 1987 Quicunque
621 1900 722 1986 igitur
744 1901 921 1966 accuratius
944 1900 1081 1986 aliquem
1104 1903 1209 1969 locum
1232 1909 1317 1971 trac·

142 2028 211 2089 tare
233 2025 328 2103 volet,
352 2024 392 2087 ad
414 2023 574 2088 uberiores
596 2023 840 2107 inscriptionum
860 2023 1059 2089 collectiones
1083 2025 1202 2092 aliosve
1217 2028 1318 2094 libros

144 2148 269 2211 accedat
291 2168 416 2211 necesse
438 2149 495 2211 est.
534 2145 674 2211 Tantum
704 2147 821 2211 etenim
853 2146 960 2227 abest,
993 2151 1030 2212 ut
1052 2171 1183 2214 avocare
1214 2151 1254 2215 ab
1278 2152 1317 2216 iis

144 2269 248 2350 velim,
272 2272 309 2333 ut
335 2267 471 2332 invitare
493 2268 640 2353 viamque
667 2269 706 2332 ad
728 2290 780 2333 eos
804 2269 925 2352 aperire
948 2269 1148 2354 propositum
1170 2271 1317 2338 habeam.

229 2391 268 2457 In
291 2392 396 2456 titulis
420 2389 648 2477 sepulcralibus
672 2391 760 2455 etin
783 2390 940 2467 omnibus
968 2413 1047 2473 quos
1070 2414 1087 2456 e
1110 2395 1319 2478 scriptoribus

144 2515 257 2599 recepi,
281 2515 357 2579 locis
380 2512 547 2579 brevitatis
570 2510 675 2576 studio
698 2510 800 2574 multa
819 2510 956 2595 quidem,
981 2535 1061 2597 quae
1076 2516 1117 2579 ad
1132 2537 1198 2580 rem
1214 2540 1317 2582 meam

145 2637 248 2702 facere
270 2637 350 2701 mihi
373 2659 437 2701 non
459 2636 660 2715 videbantur,
683 2635 786 2715 omisi,
809 2658 931 2720 semper
955 2641 1060 2701 autem
1076 2638 1170 2702 certis
1186 2640 1318 2722 quibus-

146 2760 219 2824 dam
241 2760 342 2845 signis
365 2760 398 2823 id
420 2758 567 2823 indicavi.
614 2756 657 2822 ‘Si
680 2758 753 2841 plus
784 2757 928 2822 minusve
950 2759 1119 2838 secuerim,
1152 2783 1185 2825 se
1207 2761 1319 2828 fraude

143 2884 230 2947 esto'.

232 3002 359 3068 Gratias
382 3024 443 3088 ago
475 3002 533 3072 Tb.
558 3004 751 3089 Mommsen,
786 3006 841 3089 qui
863 2994 1115 3090 inscriptionum
1130 3008 1319 3092 apographa

145 3127 277 3192 comiter
306 3148 427 3191 mecum
460 3127 722 3206 communicavit,
756 3131 788 3191 et
815 3127 952 3197 ilenrico
977 3127 1108 3197 llressal
1141 3128 1318 3215 philologo,

144 3272 238 3334 quem
261 3250 298 3314 de
320 3271 354 3314 re
376 3250 586 3335 grammatica
608 3251 820 3316 consulebam.

229 3427 338 3494 Mense
361 3427 529 3492 Decembri
552 3450 580 3492 a.
604 3425 844 3495 MDOOOLXX.

614 3755 822 3764 ——-—.
