2940 4996
141 305 204 370 338
671 301 778 358 Festus.

140 479 371 544 Extrarius
388 482 445 557 est,
462 478 518 562 qui
533 482 623 542 extra
632 478 739 543 focum
750 483 983 543 sacramentum
996 479 1128 565 iusque¹
1142 481 1190 548 sit.
1213 483 1245 546 P.
1255 488 1290 547 78.

140 584 322 649 Familia
345 587 439 647 antea
461 583 495 645 in
517 582 627 648 liberis
649 584 834 648 hominibus
859 585 1032 664 dicebatur,
1057 608 1192 668 quorum
1206 588 1293 652 duret

140 690 286 774 princeps
315 688 441 773 generis
471 689 645 752 vocabatur
667 692 759 771 pater
789 694 821 753 et
845 694 946 754 mater
969 690 1134 770 familiae3
1167 694 1242 758 unde
1257 695 1269 758 f
1281 731 1294 742 ·

141 795 231 859 milia
253 794 411 857 nobilium
434 792 674 876 Pompiliorum,
698 792 911 875 Valeriorum,
935 794 1168 862 Corneliorum.
1203 799 1296 863 lltfa-

119 930 123 937 ·
140 899 235 963 mili
248 922 339 963 ares
363 921 401 964 ex
424 898 533 963 eadem
555 897 689 962 familia.
736 898 852 964 Postea
874 900 935 965 hoe
950 901 1080 966 nomine
1095 902 1192 966 etiam
1207 903 1298 967 famuli

142 1004 298 1089 appellari
320 1007 501 1087 coeperunt.
549 1003 587 1068 P.
612 1008 664 1068 86.

140 1108 309 1173 Famuli
339 1107 430 1192 origo
464 1109 505 1172 ab
529 1104 618 1172 Oscis
646 1108 829 1192 dependetl,
860 1110 944 1193 apud
967 1133 1048 1194 quos
1071 1135 1182 1178 servus
1204 1113 1300 1178 ‘fanel'

143 1213 397 1292 nominabatur³,
421 1214 504 1278 unde
526 1217 558 1277 et
572 1213 697 1277 familia
712 1220 834 1280 vocata.
854 1255 899 1263 -
914 1216 1133 1281 Famuletium
1149 1219 1302 1295 dicebatur,

146 1319 230 1403 quod
252 1340 337 1382 nuno
359 1318 533 1383 servitium.
581 1318 620 1382 P.
644 1324 697 1384 87.

144 1424 351 1503 Ferreum,
374 1444 475 1508 genus
497 1423 557 1486 libi
580 1445 618 1487 ex
640 1424 725 1489 farre
748 1424 879 1490 factum.
926 1427 965 1491 P.
989 1426 1062 1492 88.4

143 1529 296 1594 Fastis
319 1528 428 1593 diebus
451 1528 606 1593 iucunda⁵
627 1529 690 1593 fari
713 1529 839 1611 licebat,
862 1532 994 1597 nefastis
1019 1534 1175 1617 quaedam
1196 1556 1250 1599 nou
1264 1533 1301 1596 li·
1362 1548 1364 1583 ῑ

146 1636 237 1699 cebat
260 1634 331 1699 fari.
379 1632 418 1697 P.
444 1633 514 1699 93.θ
1362 1640 1364 1649 ’

147 1738 372 1805 Fastorum
395 1738 470 1803 libri
492 1737 705 1821 appellantur,
728 1740 897 1824 inquibus
920 1743 1021 1806 totius
1037 1744 1114 1808 anni
1130 1745 1168 1809 fit
1183 1744 1305 1826 descrip·
1362 1820 1364 1825 Ι

144 1844 219 1910 tio⁷.
264 1843 355 1909 Fasti
378 1844 462 1908 enim
485 1843 550 1907 dies
573 1843 648 1907 festi
672 1850 756 1909 sunt.
803 1846 840 1911 P.
865 1851 916 1911 87.

144 1949 283 2014 Fenus
307 1953 350 2014 et
372 1948 647 2014 feneratores
671 1954 702 2014 et
717 1951 768 2015 lex
784 1952 822 2015 de
838 1952 958 2016 eredita
974 1953 1111 2035 pecunia
1133 1952 1309 2019 fenebris

147 2079 166 2119 a
188 2056 257 2120 fetu
280 2054 374 2134 diota,
399 2054 483 2137 quod
506 2055 617 2118 crediti
640 2056 762 2119 nummi
786 2055 865 2121 alios
888 2057 1027 2140 pariant.
1075 2059 1115 2123 P.
1138 2063 1189 2124 86.

145 2159 373 2224 Feretrius
396 2157 541 2242 Iuppiter
564 2158 667 2223 dictus
690 2182 709 2223 a
731 2160 873 2240 ferend0,
898 2163 982 2245 quod
1004 2186 1117 2248 pacem
1132 2164 1317 2248 serrapila·

146 2269 253 2342 retur;
278 2287 316 2328 ex
340 2264 429 2328 cuius
453 2263 573 2346 templo
596 2264 764 2328 sumebant
786 2269 956 2349 sceptrum,
980 2290 1037 2353 per
1061 2270 1145 2352 quod
1169 2266 1318 2335 ineant.

144 2374 175 2434 et
197 2370 336 2454 lapidem
358 2368 489 2448 silicem,
514 2390 577 2452 quo
600 2368 710 2434 foedus
734 2370 874 2436 ferirent.
910 2371 948 2436 P.
974 2379 1028 2439 92.
1053 2373 1120 2458 (Of.
1143 2367 1317 2459 Lapidem.)

145 2474 292 2540 Ferias
316 2476 441 2560 antiqui
463 2472 576 2538 fesias⁸
599 2476 775 2553 vocabant;
800 2481 832 2541 et
855 2477 936 2542 aliae
960 2483 1052 2543 erant
1074 2481 1143 2544 sine
1165 2479 1239 2545 dief
1310 2516 1320 2545 ς

145 2586 182 2646 ut
206 2581 376 2660 nundinae,
400 2580 481 2644 aliae
503 2602 575 2643 cum
599 2579 690 2659 festo,
714 2586 750 2644 ut
774 2580 967 2648 Saturnalia.
1015 2584 1053 2648 P.
1078 2589 1129 2651 86.

145 2685 337 2752 Fetiales
365 2709 384 2750 a
406 2685 551 2750 ferendo⁰
576 2685 684 2759 dietis
706 2687 790 2770 apud
813 2687 872 2752 hos
896 2689 981 2752 enim
1003 2688 1081 2753 belli
1105 2691 1247 2775 pacisque
1264 2687 1320 2751 fa·

147 2792 275 2857 ciendae
297 2793 347 2854 ius
370 2795 427 2855 est.
474 2791 512 2856 P.
537 2790 623 2856 911⁰.

147 2896 389 2961 Flaminius
418 2895 616 2960 camillus
648 2918 726 2979 puer
750 2896 914 2960 dicebatur
937 2897 1096 2981 ingenuus
1119 2901 1261 2985 patrimus
1283 2891 1317 2954 el

147 3002 322 3081 matrimes,
346 3001 402 3086 qui
424 3001 547 3065 flamini
570 3001 658 3065 Diali
681 3002 720 3064 ad
745 3000 900 3065 sacrificia
914 3004 1214 3084 praeministrabat:
1233 2996 1312 3066 anti·

148 3109 203 3193 qui
227 3107 312 3172 enim
335 3107 499 3170 ministros
522 3106 665 3171 camillos
688 3106 845 3170 dicebant.
892 3106 931 3170 P.
956 3113 1007 3173 93.

238 3336 263 3404 1)
281 3350 367 3402 usque
386 3333 426 3386 M.
446 3364 480 3371 -
499 3332 526 3402 2)
545 3332 680 3402 dependit
699 3333 768 3386 labri.
791 3363 821 3371 -
841 3333 868 3402 3)
888 3332 948 3386 Lea
966 3335 1036 3389 Osca
1053 3337 1107 3390 tab.
1125 3337 1206 3391 Bant.
1224 3336 1303 3402 (supffl

142 3439 171 3491 p.
184 3425 230 3486 46)
249 3440 272 3477 o.
285 3426 328 3476 22.
348 3453 381 3462 -
399 3422 426 3490 4)
445 3421 519 3475 Plio.
532 3421 594 3474 bu.
606 3411 770 3489 18,3,10:'in
789 3420 874 3474 sacris
896 3421 966 3475 nihil
987 3423 1145 3493 religiosius
1169 3423 1303 3479 confarra-

150 3511 236 3565 tionis
255 3510 367 3565 vinculo
385 3511 455 3573 erat,
475 3525 618 3577 novaeque
636 3510 743 3578 nuptae
755 3508 878 3562 farreum
891 3510 1098 3577 praeferebant.
1119 3511 1225 3580 &Gai
1237 3504 1299 3574 allt'·

150 3630 174 3635 --
203 3600 229 3665 5)
248 3596 367 3651 iocunda
387 3597 457 3660 libri,
477 3596 595 3650 iuridica
613 3597 694 3665 Aup,
712 3596 756 3650 ius
776 3596 848 3651 θοαί,
865 3627 899 3635 -
918 3599 945 3666 6)
963 3598 1005 3667 Of.
1031 3598 1125 3667 Varro,
1146 3601 1163 3652 l.
1176 3600 1194 3656 l.
1210 3590 1298 3665 62930·

148 3717 182 3726 -
201 3688 229 3754 7)
248 3684 510 3751 Macr.sat.1,15,9.·
530 3683 630 3738 Priscis
647 3714 683 3722 —
694 3684 876 3753 temporibus,
898 3686 1051 3755 antequam
1070 3686 1137 3740 fasti
1158 3705 1175 3741 a
1192 3686 1233 3740 Cn.
1250 3678 1298 3732 lla·

148 3772 194 3828 vio
217 3772 310 3825 scriba
333 3771 432 3825 invitis
455 3771 584 3840 patribus
612 3771 641 3824 in
666 3771 791 3826 omnium
819 3771 951 3827 notitiam
975 3774 1173 3842 proderentur,
1198 3758 1296 3843 pontifici

148 3860 250 3916 minori
274 3860 345 3913 haec
362 3859 508 3928 provincia
531 3859 731 3928 delegabatur,
759 3862 792 3912 ut
811 3876 900 3915 novae
919 3860 1003 3915 lunae
1022 3861 1146 3930 primum
1166 3847 1296 3918 observaret
1362 3855 1364 3890 ³

150 3949 312 4019 adspectum
332 3946 476 4015 visamque
502 3946 564 4015 regi
581 3947 736 4001 sacrificulo
755 3946 909 4011 nuntiaret,
929 3948 1033 4016 itaque,
1053 3950 1187 4005 sacrificio
1205 3977 1231 3987 -
1245 3937 1294 3997 0⁰¹⁶·

147 4036 238 4100 brato,
259 4034 334 4089 idem
355 4032 483 4103 pontifex
501 4035 604 4097 calata,
624 4035 653 4088 id
672 4036 714 4088 est
732 4038 840 4099 vocata,
859 4036 889 4089 in
902 4035 1075 4105 Capitolium
1095 4039 1183 4108 plebe,
1200 4065 1230 4076 -
1244 4022 1294 4098 q1¹⁰l

150 4141 265 4179 numero
288 4122 347 4177 dies
365 4140 383 4176 a
401 4123 530 4177 kalendis
549 4124 585 4177 ad
605 4141 693 4179 nonas
711 4125 893 4192 superessent,
912 4123 1129 4193 pronuntiabat.
1147 4156 1182 4166 -
1198 4119 1290 4176 verbum
1357 4128 1364 4151 ’··

150 4216 244 4266 autem
263 4215 340 4266 καλῶ
359 4228 491 4281 graecum
510 4213 559 4275 est,
585 4211 614 4265 id
633 4216 675 4265 est
694 4227 768 4275 voco,
788 4215 816 4265 et
835 4212 909 4265 hunc
928 4212 1009 4276 diem,
1038 4215 1140 4281 quiex
1159 4214 1199 4267 his
1215 4205 1292 4290 diabli¹
1353 4202 1364 4251 ³0

150 4300 198 4368 qui
218 4301 388 4364 calarentur,
418 4298 525 4369 primus
544 4301 622 4363 esset,
648 4298 755 4368 placuit
773 4298 910 4353 kalendas
928 4301 1030 4355 vocari.
1050 4330 1085 4340 -—
1104 4302 1131 4371 8)
1151 4303 1227 4355 festas
1241 4288 1291 4346 ua
1351 4307 1364 4342 ἰ

148 4388 245 4444 emend.
265 4387 337 4442 Mac.
358 4419 391 4426 -
412 4389 438 4458 il)
457 4388 496 4440 sic
515 4387 584 4442 libri.
603 4417 638 4425 -
659 4386 702 4456 lo)
723 4386 832 4440 Nouius
849 4403 873 4441 o.
893 4386 1018 4444 Fetialis.
1054 4388 1150 4458 Varro,
1169 4390 1186 4442 l.
1201 4387 1215 4440 l.
1230 4374 1279 4448 ὄβΰ·
1357 4395 1362 4404 ’
