2954 5010
601 161 712 218 Nonius
731 162 888 219 Marcellus.
1268 169 1331 235 391

152 340 439 420 Plebitatem,
462 338 710 425 ignobilitatem.
756 337 834 404 Cato
856 362 915 424 pro
937 339 1089 407 Veturio:
1121 347 1262 428 ‘propter
1283 349 1332 410 te-

157 446 314 510 nuitatem
347 449 379 510 et
406 445 611 528 plebitatem'.
657 445 797 510 Hemina
826 446 859 510 in
884 447 1089 512 annalibus¹t
1124 448 1332 534 ‘Quicumque

153 555 285 637 propter
307 553 495 636 plebitatem
517 574 597 637 agro
620 552 748 637 publico
772 553 863 617 eiecti
887 550 997 617 sunau.
1043 558 1116 618 101.

152 655 403 721 Proletarii
425 657 502 721 dicti
525 661 599 721 sunt
622 657 734 742 plebei,
760 657 815 741 qui
838 657 920 721 nihil
942 657 1134 741 reipublicae
1149 658 1329 742 exhibeant,

152 762 207 826 sed
238 765 365 826 tantum
397 764 520 846 prolem
550 762 722 828 sufficiant.
747 799 787 809 -
811 763 915 828 Varro
942 763 1070 827 devita
1097 786 1126 847 p.
1152 762 1191 828 R.
1215 763 1270 828 lib.
1293 763 1329 830 I:

154 865 282 950 ‘quibus
298 871 389 932 erant
405 868 555 951 pecuniae
570 869 657 948 satia,
682 868 859 952 locupletia,
875 869 1036 945 adsiduam
1061 870 1237 934 contrarios
1252 893 1328 955 pro-

154 972 294 1036 letarios.
329 972 472 1038 Adsiduo
496 975 655 1039 neminem
677 974 834 1039 vindicem
857 973 1025 1039 voluerunt
1047 974 1236 1059 locupleti'3.
1276 981 1328 1041 48.

152 1076 324 1143 Proletarii
355 1079 437 1143 cives
470 1079 673 1160 dicebantur,
705 1080 761 1164 qui
794 1080 825 1145 in
848 1081 940 1164 plebe
963 1079 1151 1144 tenuissima
1181 1084 1272 1144 erant
1295 1083 1327 1145 et

150 1203 215 1245 non
240 1184 375 1267 amplius
399 1206 495 1268 quam
517 1183 604 1248 milla
626 1188 658 1248 et
680 1184 871 1269 quingentos
895 1185 975 1249 aeris
999 1185 1033 1249 in
1049 1206 1177 1250 censum
1204 1184 1324 1250 defere-

152 1288 241 1352 bant.
287 1293 361 1355 106.

151 1391 451 1478 Recepticium
474 1417 600 1461 servum
625 1395 753 1478 quidam
777 1431 817 1440 -
842 1395 961 1459 dictum
984 1395 1107 1476 volunt,
1130 1432 1173 1440 —
1196 1398 1251 1480 qui
1274 1420 1328 1462 ve·

151 1500 323 1564 numdatus
345 1500 386 1564 ob
405 1500 533 1585 aliquod
554 1537 598 1547 -
614 1500 817 1565 malefactum
840 1524 860 1564 a
874 1500 1061 1565 distractore
1083 1538 1126 1546 —
1142 1501 1327 1586 recipiatur;

152 1604 208 1669 sed
230 1627 305 1669 vera
328 1604 405 1670 haec
430 1609 477 1670 est
500 1605 566 1670 eiua
590 1605 727 1669 nominis
748 1605 980 1689 interpretatio,
1004 1624 1098 1690 quem
1113 1606 1147 1670 in
1163 1607 1238 1671 data
1254 1607 1327 1672 dote

151 1713 208 1773 aut
232 1710 402 1774 donatione
434 1711 505 1794 quis
529 1711 705 1794 exceperit,
740 1712 825 1795 quod
857 1716 904 1776 est
926 1711 1055 1796 proprie
1077 1713 1260 1796 ‘receperit‘.
1284 1748 1327 1759 —

149 1849 194 1858 -
217 1812 314 1879 Cato:
340 1814 461 1879 ‘mulier
484 1819 516 1879 et
537 1834 688 1899 magnam
712 1815 818 1879 dotem
842 1815 896 1878 dat
918 1819 950 1879 et
968 1838 1120 1903 magnam
1142 1819 1325 1902 pecuniam⁴

149 1921 268 1984 retinet
277 1921 294 1998 3'
317 1942 355 1983 ex
378 1942 415 1984 ea
437 1919 539 2004 igitur
562 1942 595 1983 re
610 1920 771 1999 familiari,
796 1943 834 1984 ex
851 1943 914 2004 qua
936 1922 998 1986 sibi
1014 1923 1087 1988 dote
1103 1924 1178 1988 data
1193 1925 1327 1988 retinuit

149 2025 316 2110 pecuniam
339 2026 408 2090 viro
431 2030 574 2089 mutuam
599 2026 667 2090 dat:
699 2048 769 2090 eam
790 2026 974 2110 pecuniam⁶
1004 2028 1113 2092 aviro
1135 2028 1220 2094 forte
1242 2030 1325 2094 irata

149 2136 291 2215 repetere
314 2131 472 2209 instituit3
506 2132 638 2215 adponit
661 2132 689 2196 ei
712 2131 929 2216 flagitatorem
951 2133 1163 2217 recepticium,
1195 2134 1256 2198 hoc
1278 2139 1326 2199 est

149 2237 325 2322 proprium,
358 2260 467 2317 suum,
498 2261 591 2322 quem
619 2238 742 2321 reliqua
772 2239 906 2321 pecunia
934 2241 1095 2321 receperat
1117 2260 1174 2302 nec
1197 2240 1325 2304 dederat

148 2343 217 2408 doti
240 2344 293 2408 sed
317 2347 491 2427 exceperat.
536 2346 580 2406 38
599 2369 629 2393 =
651 2340 772 2406 Gellius
795 2345 879 2420 17,6.

147 2449 398 2528 Ricinium⁶‚
431 2448 515 2532 quod
546 2468 629 2510 nunc
659 2445 847 2509 mafurtium
880 2445 1013 2526 dicitur,
1043 2445 1209 2530 palliolum
1231 2448 1324 2513 femi·

147 2577 244 2619 neum
274 2553 379 2618 breve.
426 2552 530 2617 Varro
556 2589 592 2597 -
619 2551 657 2616 de
680 2551 746 2616 vita
768 2574 798 2635 p.
824 2550 863 2614 R.
888 2573 947 2615 -2
979 2550 1057 2615 ίΕιῧ
1090 2574 1153 2636 quo
1176 2553 1323 2620 mulieres

146 2663 180 2724 in
270 2658 425 2738 luctibus,
457 2680 529 2722 cum
552 2679 678 2721 omnem
710 2656 863 2721 vestitum
885 2656 1101 2722 delicatiorem
1125 2680 1161 2722 ac
1183 2658 1324 2725 luxorio·
1438 2677 1443 2684 ’

146 2788 219 2830 sum
241 2803 284 2810 —
306 2769 440 2849 ponunt,
464 2763 577 2827 ricinia
599 2763 747 2826 sumunt’.
792 2767 867 2827 371.

148 2869 478 2954 Scripturarios
509 2871 648 2947 veteres,
684 2889 762 2952 quos
790 2890 874 2932 nunc
896 2869 1071 2934 tabularios
1094 2870 1238 2949 dicimua,
1263 2870 1323 2934 dici

149 2976 282 3051 volunt3
315 2974 399 3057 quod
422 2973 587 3057 scripturis
610 2977 642 3037 et
664 2974 899 3038 commentariis
921 2975 1027 3039 omnia
1049 2976 1098 3040 vel
1121 2976 1249 3040 urbium
1271 2976 1322 3040 vel

149 3081 385 3165 provinciarum
408 3080 699 3164 complecterentur.
745 3079 884 3144 Lucilius
906 3080 927 3144 l.
951 3079 1078 3146 XXVI:
1102 3079 1322 3144 ‘Publicanus8

150 3208 225 3252 vero
248 3189 285 3249 ut
307 3186 404 3250 Asiae
425 3185 510 3264 fiam,
534 3188 570 3248 ut
595 3185 837 3268 scripturarius’.
883 3184 954 3249 2⁶1⁹

147 3394 214 3432 nera
235 3375 311 3428 virili
333 3375 525 3445 appellentur;
554 3375 638 3442 atque
655 3372 698 3428 ita
716 3373 753 3426 M.
772 3373 862 3429 Varro
882 3373 968 3428 verba
981 3373 1050 3427 haec
1063 3371 1201 3441 legitima,
1222 3371 1323 3441 quibus

148 3465 266 3519 minima
276 3465 368 3518 multa
383 3463 529 3528 diceretur,
542 3462 680 3533 concepit:
695 3461 740 3514 ⁴M.
750 3459 881 3516 Terentio
897 3491 933 3499 -
950 3459 1029 3528 dico’,
1048 3477 1080 3514 ac
1097 3460 1151 3514 nisi
1170 3476 1202 3516 eo
1221 3477 1323 3530 genere

148 3553 296 3615 diceretur,
324 3553 500 3620 negaverunt
517 3550 623 3604 iustam
642 3549 731 3604 videri
753 3549 882 3603 multam.

236 3642 261 3708 1)
281 3656 368 3694 annos
386 3639 456 3692 labri.
480 3669 512 3677 —
532 3641 559 3707 2)
577 3637 724 3692 Sallustius
742 3639 803 3692 alst.
821 3640 862 3705 1‚9
881 3636 919 3691 ed.
939 3635 1066 3690 Dietscb:
1085 3635 1198 3705 regibus
1217 3636 1322 3690 exactis

148 3760 179 3768 ο
201 3727 296 3782 servili
324 3725 440 3795 imperio
464 3727 560 3795 patres
578 3725 688 3796 plebem
707 3741 883 3779 exercere-
903 3740 972 3792 agro
990 3721 1102 3792 pellere.
1132 3753 1157 3760 -
1186 3722 1214 3791 3)
1233 3721 1322 3776 idem:

148 3816 259 3872 assiduo
285 3814 424 3868 neminem
449 3812 588 3867 uindicem
607 3828 665 3866 esse
682 3812 833 3866 uoluerunt
852 3810 905 3864 nisi
926 3809 1067 3863 assiduum
1090 3809 1179 3864 idest
1198 3809 1321 3878 locuple-

145 3909 204 3960 tem
229 3903 340 3956 coniecit
366 3901 511 3955 Turnebus.
539 3932 573 3939 —
600 3901 625 3966 4)
645 3899 744 3968 recipit
768 3899 819 3954 hoc
843 3901 886 3953 eet
910 3900 939 3953 et
958 3915 1092 3967 magnam
1111 3897 1206 3952 dotem
1224 3896 1275 3950 dat
1293 3899 1322 3951 et

145 4009 281 4063 magnam
307 3987 453 4060 pecuniam
480 3989 530 4044 ina
551 3988 633 4042 Gellii
651 3989 732 4055 (17,6)
761 3987 880 4041 codicum
892 3986 1004 4056 familia
1022 3986 1143 4051 deterior,
1171 4001 1219 4039 om.
1241 3984 1323 4039 Gellii

99 4128 100 4131 ,
146 4082 211 4136 libri
227 4079 347 4133 meliores
365 4095 424 4132 cam
445 4077 537 4131 Nonio
555 4075 741 4130 Gelliaaorum
766 4076 945 4143 compilatore.
964 4102 1000 4113 —·
1019 4072 1044 4141 5)
1065 4072 1125 4126 viro
1144 4089 1179 4126 m.
1193 4072 1219 4124 d.
1233 4089 1254 4124 e.
1273 4088 1321 4140 pe-

146 4168 258 4223 cuniam
277 4168 354 4221 habel
367 4166 478 4232 Gellius,
497 4180 547 4218 om.
562 4164 626 4216 aba
637 4163 766 4217 Noniani.
782 4193 815 4201 -
834 4164 861 4228 6)
880 4161 998 4215 ricinum
1012 4160 1081 4213 libri.
1105 4189 1133 4196 -
1155 4160 1180 4224 7)
1200 4160 1229 4212 et
1248 4158 1318 4214 libri.

146 4287 178 4296 -
198 4256 226 4325 8)
244 4254 426 4324 publicanum
444 4254 513 4308 libri.
538 4285 570 4293 -
590 4250 616 4320 9)
638 4250 680 4320 Of.
699 4249 797 4304 Fertur
813 4266 837 4303 v.
857 4248 1067 4318 Scripturariua.
