2940 4996
198 245 247 314 VI

199 425 234 489 in
256 423 399 490 ordinem
423 421 592 488 verborum
614 419 806 505 reciperetur
829 424 894 500 aut,
917 419 973 485 ubi
988 418 1107 503 expelli
1122 418 1241 498 debuit,
1265 417 1372 482 exad-

201 546 364 611 notatione
385 545 419 610 id
440 543 687 629 intellegeretur.

286 667 408 732 Deinde
431 666 515 752 quod
537 663 622 728 inter
643 663 786 748 syllogae
807 664 902 728 huius
924 666 1094 750 praecipua
1109 666 1224 731 merita
1238 664 1311 743 fuit,
1335 668 1373 728 ut

200 791 345 875 quotiens
362 791 464 855 denuo
479 787 634 865 ederetur,
660 784 815 868 prodiret,
839 785 871 849 id
887 787 971 871 quod
985 788 1053 871 ipse
1067 787 1224 852 Brnnsius
1240 790 1373 871 quartae

197 913 266 978 iure
288 911 500 998 praescripsit,
524 909 646 973 auctior
669 909 872 989 emendatior,
895 909 929 974 id
950 910 985 973 in
1000 911 1112 995 quinta
1135 932 1194 996 ego
1209 909 1318 975 curavi
1334 912 1371 973 ut

199 1035 360 1118 retineret,
382 1035 430 1100 ita
452 1038 569 1111 tamen,
593 1035 629 1095 ut
652 1031 844 1096 abstinerem
868 1031 908 1096 ab
932 1054 969 1096 ea
991 1034 1168 1111 oneranda3
1195 1035 1266 1118 ipsa
1288 1033 1374 1097 enim

200 1158 357 1223 brevitate
380 1178 437 1221 sua
460 1156 510 1220 vel
532 1155 669 1220 maxime
693 1159 733 1220 et·
747 1155 831 1220 nitet
854 1160 885 1221 et
899 1157 1038 1241 prodest.
1073 1157 1204 1224 Praeter
1227 1159 1289 1223 duo
1304 1180 1375 1221 mo-

201 1285 363 1360 numenta,
386 1281 466 1366 legis
483 1280 618 1346 fortasse
634 1277 775 1343 Rubriae
799 1279 1015 1364 fragmentum
1031 1280 1216 1346 Atestinum
1232 1281 1276 1364 (p.
1295 1278 1373 1363 100)

199 1407 231 1468 et
253 1404 413 1468 decretum
436 1403 623 1487 pontificum
646 1402 692 1486 (p.
716 1403 805 1486 221),
833 1425 891 1485 pro
915 1408 1047 1488 quartae
1070 1405 1216 1470 editionis
1240 1403 1370 1488 supple·

199 1529 307 1590 mento
332 1549 350 1589 a
373 1547 424 1589 me
446 1546 588 1589 seorsum
611 1524 725 1588 emissa
747 1547 776 1588 a.
795 1525 888 1605 1881,
913 1527 989 1611 quid
1010 1527 1045 1590 in
1068 1528 1128 1592 hac
1155 1527 1293 1611 editione
1319 1547 1373 1590 11-

201 1648 340 1728 cesserit,
364 1670 402 1712 ex
424 1647 535 1712 tabula
557 1647 699 1712 subiecta
721 1651 937 1733 cognoscetur.

285 1769 392 1835 Edisti
414 1770 559 1854 perpetui
581 1769 733 1855 reliquias
755 1793 827 1836 cum
846 1773 985 1837 viderem
1007 1776 1081 1856 post
1107 1772 1252 1857 egregias
1280 1793 1372 1836 curas

200 1890 327 1961 11111118
352 1893 447 1962 111111
480 1893 553 1976 (dos
574 1892 723 1957 Edictum
740 1899 936 1974 perpetuum,
960 1896 1010 1959 eia
1041 1895 1178 1959 Versuct
1200 1915 1241 1957 aa
1264 1893 1372 1958 dessen

206 2014 526 2098 Wederlrerstellunq.
560 2015 686 2101 Lipsiae
711 2017 808 2100 1883)
841 2039 905 2082 non
934 2040 1025 2103 posse
1047 2018 1162 2102 repeti,
1195 2020 1232 2080 ut
1254 2017 1372 2100 repeti·

199 2141 289 2201 verat
312 2136 478 2216 Brnnsius,
506 2138 546 2201 ad
568 2140 779 2203 recensionem
805 2138 1058 2220 Rudorffianam,
1090 2140 1130 2205 ab
1151 2140 1223 2223 ipso
1244 2138 1374 2203 Lenelio

200 2259 385 2343 impetravi,
419 2262 456 2323 ut
478 2282 550 2324 eum
572 2260 713 2325 laborem
734 2261 769 2325 in
792 2283 825 2326 se
847 2262 1010 2346 reciperet.
1056 2262 1187 2327 Praeter
1210 2283 1292 2341 eum,
1317 2262 1374 2345 qui

199 2386 267 2446 tam
298 2381 418 2466 insigni
441 2385 581 2447 tractatu
612 2382 731 2447 librum
762 2383 847 2448 hunc
870 2386 1053 2463 exornavit,
1086 2386 1182 2450 multi
1204 2385 1266 2450 viri
1288 2384 1375 2448 docti

201 2507 268 2568 tam
290 2502 448 2588 philologi
472 2527 570 2589 quam
591 2504 670 2569 iuris
694 2504 788 2589 periti
811 2508 843 2569 et
866 2505 995 2571 Brunsii
1024 2529 1119 2572 eausa
1141 2528 1374 2604 1111111111-

200 2626 266 2691 riae
288 2626 349 2690 riri
372 2629 404 2690 et
426 2648 496 2690 mea
518 2627 574 2691 alii
597 2627 668 2692 aliis
691 2628 767 2693 locis
790 2651 840 2693 me
862 2629 1060 2710 adiuverunt,
1084 2652 1220 2715 quorum
1242 2628 1374 2693 nomina

201 2747 266 2812 suis
289 2747 367 2812 loeis
390 2748 598 2832 reperientur.

289 2869 328 2934 In
357 2871 427 2954 ipsa
458 2869 595 2935 editione
626 2872 766 2935 curanda
795 2871 1374 2956 13113111111111113111111111Ρί11

203 2996 365 3057 strenuam
387 2996 419 3057 et
441 2991 601 3057 sollertem
624 3013 754 3074 operam
776 2991 856 3055 mihi
878 2994 1048 3075 praestitit.

289 3165 408 3251 Scripsi
431 3165 574 3231 Berolini
599 3167 629 3232 d.
652 3164 747 3231 XXII
768 3164 850 3234 Nov.

411 3311 439 3353 a.
462 3286 780 3356 MDOOOLXXXVL
