2954 5010
481 168 579 230 Varro,
600 168 634 223 de
652 169 753 236 lingua
772 167 880 231 Latina,
899 167 918 221 l.
938 167 986 222 v1.
1264 172 1327 236 383

144 344 225 425 deo',
249 347 277 409 si
300 343 425 409 iocandi
448 366 543 408 causa
565 344 657 423 dixit,
681 366 784 429 neque
806 345 860 429 agi
883 348 990 429 potest
1005 367 1076 408 curn
1092 368 1128 410 66
1144 369 1182 410 ex
1199 369 1328 429 sponsu.

143 448 261 535 Itaque
292 451 319 514 si
351 447 423 532 qui¹
455 449 532 513 dicit
563 449 597 512 in
620 449 805 535 tragoedia:
842 448 1069 513 ‘Meministine
1101 454 1133 514 16
1156 450 1326 534 spondere²

144 556 228 620 mihi
251 552 404 640 gnatam³
426 553 549 618 tuam?
579 555 664 638 quod
686 555 754 619 sine
777 558 890 638 sponte
914 577 971 618 sua
994 554 1085 633 dixit,
1109 576 1180 619 cunr
1204 578 1240 620 eo
1265 579 1329 620 non
1436 637 1439 641 y

144 664 253 745 potest
276 660 331 745 agi
354 682 393 724 ex
416 659 562 743 sponsn4.

238 766 289 830 74.
323 751 519 849 Sponsor
541 769 573 829 et
595 787 722 848 praes
746 768 778 828 et
800 787 872 829 vas
895 788 998 849 neque
1020 766 1131 846 idem⁶‚
1155 789 1257 851 neque
1281 790 1329 831 res

150 894 170 935 a
193 871 310 954 quibus
333 869 379 948 hi,
403 869 457 933 sed
481 891 498 934 e
520 892 555 934 re
575 869 688 933 simile.
734 867 848 952 Itaque
870 892 1003 953 praee,
1028 872 1082 955 qui
1101 895 1121 935 a
1135 872 1328 956 magistratu

147 977 377 1060 interrogatus,
401 976 434 1038 in
458 975 623 1058 publicum
646 979 682 1038 ut
704 975 879 1058 praestet⁶3
910 998 928 1038 a
952 997 1014 1059 quo
1037 980 1078 1055 et,
1102 998 1173 1040 cum
1197 1000 1329 1060 respon-

151 1083 215 1161 det,
239 1081 333 1145 dicit:
357 1080 479 1164 ‘praes'.
524 1078 590 1143 Vas
614 1080 805 1163 appellatus,
828 1082 882 1164 qui
906 1103 964 1163 pro
989 1081 1089 1145 altero
1113 1083 1330 1146 vadimonium

150 1186 371 1270 promittebat.
418 1183 619 1249 Consuetudo
643 1188 725 1263 erat,
758 1206 829 1247 cum
862 1207 933 1248 reus
956 1207 1070 1268 parum
1093 1191 1175 1251 esset
1197 1189 1328 1252 idoneus

154 1292 290 1375 inceptis
313 1291 418 1369 rebus,
441 1294 478 1353 ut
499 1311 558 1372 pro
582 1312 615 1354 se
637 1289 735 1353 alium
758 1290 858 1369 daret,
882 1312 979 1373 aquo
995 1291 1115 1356 caveri⁷
1131 1296 1241 1375 postea
1256 1292 1327 1378 lege

152 1402 301 1480 coeptum
325 1402 373 1461 est
395 1397 436 1461 ab
459 1396 527 1474 1616,
559 1396 615 1477 qui
637 1394 767 1478 praedia
789 1395 978 1475 venderent,
1001 1397 1113 1461 vadem
1136 1420 1176 1462 ne
1199 1398 1328 1475 darent;

152 1503 192 1566 ab
217 1524 254 1567 66
277 1502 414 1566 adscribi
437 1505 583 1585 coeptum
606 1502 640 1564 in
663 1501 734 1585 lege
756 1500 1002 1585 mancipiorum:
1038 1501 1170 1568 ‘Vadem
1192 1525 1232 1567 ne
1254 1525 1328 1587 pos-

148 1607 285 1688 6666618,
308 1630 366 1672 666
388 1606 536 1672 dabitur'.

237 1713 289 1777 81.
322 1711 449 1776 Dictum
475 1733 601 1776 cerno
624 1733 642 1774 a
665 1733 764 1790 66666,
787 1711 820 1775 id
843 1715 891 1776 est
915 1734 934 1775 a
959 1713 1110 1792 creand03
1143 1713 1263 1777 dictum
1289 1715 1329 1778 ab

148 1840 205 1897 eo,
240 1818 324 1901 quod
355 1839 427 1882 cum
459 1817 536 1901 quid
557 1821 699 1881 creatum
722 1821 779 1895 est,
808 1821 886 1880 tunc
908 1818 1043 1902 denique
1066 1819 1200 1883 videtur.
1246 1818 1331 1882 Hinc

146 1960 194 1970 --
217 1923 273 2006 qui
295 1922 344 1986 id⁹
368 1923 402 1985 in
425 1926 635 1987 testamento:
670 1923 702 1986 id
725 1927 773 1986 661
795 1923 910 2003 facito,
942 1923 1071 1988 videant
1093 1928 1126 1989 te
1149 1947 1216 1990 esse
1238 1924 1330 1989 here·

150 2029 243 2105 dcm;
267 2028 376 2112 itaque
397 2029 432 2091 in
455 2029 594 2092 cretione
617 2027 767 2092 adhibere
789 2029 901 2092 iubent
923 2030 1066 2094 testes¹⁰.

238 2133 291 2197 86.
317 2180 376 2196 ...
401 2155 486 2196 6666
508 2133 647 2217 primum
670 2155 787 2217 ponam
810 2132 881 2198 de11
906 2135 1056 2198 censoriis
1079 2135 1217 2199 tabulis:
1253 2133 1330 2200 ‘Ubi

146 2243 246 2303 noctu
276 2239 311 2301 in
338 2239 494 2322 templum
526 2237 668 2303 censor¹2
703 2239 915 2322 auspicaverit
944 2242 1040 2324 atque
1068 2239 1105 2304 de
1132 2239 1218 2302 caelo
1245 2262 1328 2303 nun-

146 2341 271 2408 tium¹³
306 2343 383 2422 erit,
415 2343 563 2427 praeconi
577 2342 604 2378 ²⁴
636 2343 681 2407 sic
703 2344 878 2425 imperato,
914 2347 950 2406 ut
973 2344 1057 2408 viros
1081 2348 1188 2408 vocet:
1226 2342 1328 2418 ‘Quod

147 2451 270 2514 bonum
303 2449 503 2514 fortunatum
532 2449 672 2533 felixque
699 2448 901 2531 salutareque
923 2447 1016 2512 siet¹⁶
1039 2447 1157 2531 populo
1181 2445 1327 2511 Romano

149 2554 325 2630 Quiritium
357 2555 466 2638 reique
498 2554 644 2638 publicae
676 2553 786 2637 populi
809 2552 947 2616 Romani
980 2552 1154 2628 Quiritium
1185 2552 1329 2637 mihique

149 2658 355 2742 collegaeque
387 2681 457 2722 meo
489 2658 562 2722 fidei
586 2657 854 2742 magistratuique
876 2661 1003 2721 nostro!
1049 2656 1166 2722 Omnes
1189 2657 1329 2733 Quirites

149 2764 273 2846 pedites
299 2767 448 2840 armatos,
472 2764 678 2847 privatosque
701 2767 862 2827 curatores
879 2764 1020 2827 omnium
1037 2764 1190 2842 tribuum,
1214 2764 1241 2827 si
1258 2763 1328 2846 quis

148 2890 210 2951 pro
232 2891 265 2933 se
288 2869 354 2934 sive
376 2868 468 2952 pro¹⁶
492 2868 592 2933 altero
616 2869 772 2932 rationem
799 2868 907 2933 dare¹⁷
931 2869 1026 2947 volet,
1057 2867 1204 2932 vocato¹8
1227 2868 1261 2930 in
1287 2867 1328 2930 li·

151 2973 238 3037 cium
268 2974 331 3038 huc
359 2974 399 3037 ad
432 2972 500 3039 me'.
548 2973 599 3036 87.
632 2972 749 3037 Praeco
781 2973 815 3036 in
845 2972 965 3056 templo
998 2974 1137 3057 primum
1172 2976 1285 3036 vocato
1301 2970 1328 3006 ¹⁸

149 3084 263 3162 postea
294 3081 333 3145 de
360 3081 475 3145 moeris
504 3080 581 3143 item
604 3077 759 3142 vocato¹⁸.
805 3077 872 3142 Ubi
894 3078 994 3155 lucet,
1026 3098 1168 3140 censores
1181 3075 1219 3155 ¹⁹,
1251 3076 1329 3139 scri·

150 3186 221 3264 bae,
245 3185 452 3269 magistratus
474 3178 606 3248 murrh'a
628 3184 864 3268 unguentisque
889 3181 1114 3266 unguentor20.
1149 3181 1327 3265 11116666-

241 3375 457 3445 1)ἰ166616661
477 3376 511 3429 F
532 3406 563 3414 ν
583 3375 610 3444 2)
629 3376 658 3428 16
677 3374 847 3443 despondere
866 3374 899 3426 F.
919 3404 955 3413 -
981 3375 1008 3438 3)
1027 3375 1165 3442 agnetam
1185 3373 1218 3428 F.
1240 3403 1272 3411 -
1300 3374 1328 3442 4)

149 3463 335 3518 Deuac’cerso
354 3464 478 3517 hocloco
501 3466 528 3531 (§
547 3466 662 3529 69-72)
690 3463 724 3531 cf.
744 3463 865 3531 Lachm,
885 3463 1005 3532 6666961,
1027 3463 1107 3516 Thilo
1131 3479 1215 3530 supro
1228 3480 1259 3530 p.
1277 3466 1330 3516 377

150 3553 285 3605 6616111.
322 3551 460 3620 Huschke,
480 3552 566 3605 ZGR.
584 3555 688 3617 10,327.
707 3582 741 3590 -
760 3552 787 3621 5)
805 3550 867 3606 ideo
887 3550 921 3604 F.
950 3582 983 3590 -
1002 3552 1029 3619 6)
1049 3566 1130 3619 praes
1149 3552 1202 3603 siet
1226 3550 1329 3604 Polme-

150 3642 216 3693 ra‘us.
244 3670 277 3678 -
303 3641 329 3708 7)
352 3641 448 3693 caueri
467 3639 502 3691 F.
531 3671 565 3678 -
592 3640 619 3702 8)
638 3657 689 3694 666
706 3641 801 3708 poscet
820 3639 969 3708 Scioppius.
988 3669 1020 3678 -
1042 3639 1068 3707 9)
1088 3638 1147 3707 [qui
1165 3638 1195 3691 id
1209 3639 1329 3706 fortasse

153 3733 311 3796 corruptum
327 3743 360 3780 66
378 3726 492 3781 cernito.
521 3727 570 3780 Tu.
590 3728 639 3796 Μ.)
658 3759 692 3766 -
714 3727 757 3796 10)
778 3727 831 3782 Cic.
850 3728 887 3780 661
903 3729 962 3782 Au.
981 3729 1074 3792 13,46:
1092 3725 1211 3790 cognovi
1229 3726 1328 3780 cretio·

153 3833 218 3870 nem
237 3814 337 3878 Cluvii,
358 3846 388 3853 —
409 3815 529 3868 liberem
548 3816 707 3876 cretionem,
726 3814 845 3867 testibus
865 3813 1068 3883 praesentibus,
1088 3811 1136 3864 LX
1150 3810 1254 3865 diebus.
1285 3811 1327 3879 Cf.

151 3903 228 3970 a'afro
241 3920 271 3972 p.
290 3905 343 3955 386
361 3902 405 3955 uo.
420 3904 489 3968 7,98.
515 3933 547 3940 —
568 3903 611 3970 11)
632 3901 666 3954 de
685 3916 735 3954 om.
757 3901 867 3954 6661-
888 3901 930 3968 12)
952 3917 1067 3954 censore.
1086 3899 1120 3952 F.
1140 3929 1173 3937 -
1194 3898 1236 3967 13)
1257 3898 1327 3952 For-

152 3997 222 4045 tasse
240 3991 407 4045 scribendam
425 3990 596 4052 nuntiatum,
616 4005 776 4056 quamquam
795 3990 875 4041 611616
893 3989 1026 4042 nuntium
1044 3987 1076 4040 dc
1094 4003 1123 4040 66
1137 3986 1327 4054 6666666116-

150 4079 310 4133 1666161661
322 4079 430 4146 defendi
442 4084 537 4147 potest.
557 4089 590 4116 ’-
611 4078 655 4145 11)
673 4077 817 4145 praeconis
831 4075 864 4128 F.
886 4107 916 4114 -
939 4078 983 4144 15)
1001 4076 1127 4128 66161666
1145 4073 1277 4142 quesierit
1293 4072 1328 4128 F.

152 4199 182 4206 —
207 4167 249 4234 16)
268 4168 291 4219 si
310 4166 395 4221 verbo
413 4166 448 4220 F.
476 4197 508 4206 -
542 4165 666 4236 17)(1661
684 4165 718 4217 F.
738 4195 770 4204 -
792 4164 835 4232 18)
854 4166 937 4219 uocat
956 4164 990 4218 F.
1009 4194 1044 4202 -
1064 4163 1106 4227 19)
1125 4178 1221 4216 666666
1239 4159 1274 4215 F.
1293 4191 1326 4199 -

150 4257 197 4326 20)
214 4257 377 4324 unguentur
395 4253 431 4310 F.
