2940 4996
140 360 204 426 408
662 356 792 414 Isidorus.

140 539 282 602 tenentes
311 532 519 619 frangebant,
555 556 651 619 quam
680 533 796 598 iterum
825 532 994 618 iungentes
1024 533 1212 618 sponsiones
1242 557 1306 601 suas

142 643 372 726 agnoscebant,
404 641 470 705 sive
493 640 577 725 quod
599 639 753 724 stipulum
782 640 873 704 iuxta
894 638 1031 703 Paulum
1051 639 1238 704 iuridicum¹
1260 639 1307 704 fir·

141 769 229 810 mum
244 746 492 831 appellaverunt.
529 743 581 809 31.
603 742 915 808 Sacramentum
930 748 978 808 est
993 744 1111 830 pignus
1126 745 1304 829 sponsionis.

227 849 259 914 V
281 850 334 929 25,
360 850 410 914 11.
455 848 584 913 Vinium
613 851 829 933 regundorum
859 849 943 915 actio
965 851 1050 916 dicta
1073 872 1124 924 ec,
1157 850 1241 934 quod
1261 874 1306 935 per

142 978 210 1021 earn
234 958 388 1039 regantur
402 954 481 1017 fines
497 952 634 1039 utrique,
650 977 690 1019 ne
705 953 909 1038 dissipentur,
926 955 1097 1020 dummodo
1112 955 1195 1020 n0n²
1211 977 1300 1042 angu-

143 1061 240 1125 stiore
263 1059 409 1144 quinque
425 1057 540 1142 pedum
562 1057 632 1122 1666
655 1080 692 1123 66
713 1058 928 1123 controversia
950 1058 1000 1122 sit.

228 1162 333 1244 V25,
358 1163 409 1229 14.
454 1161 530 1227 Res
560 1162 726 1227 credita
755 1167 820 1242 est,
853 1185 934 1248 quae
960 1163 995 1226 in
1018 1163 1247 1249 obligationem
1267 1165 1301 1230 ita

142 1268 276 1335 deducta
298 1272 355 1349 est,
379 1272 417 1332 ut
439 1291 478 1332 ex
500 1271 652 1352 tempore,
677 1289 740 1352 quo
759 1267 1016 1347 contrahebatur,
1039 1274 1164 1335 certum
1185 1271 1299 1335 611666

145 1375 261 1439 deberi.
309 1374 359 1439 16.
394 1372 703 1438 Commodatum
726 1378 773 1438 est
795 1373 838 1453 id,
874 1373 958 1458 quod
979 1375 1083 1438 nostri
1104 1374 1185 1439 iuris
1207 1379 1251 1439 661
1276 1380 1298 1439 61

144 1480 184 1543 ad
216 1479 351 1543 alterurn
383 1477 600 1562 temporaliter
633 1478 823 1541 translatum
856 1481 904 1542 est
933 1500 1005 1542 cum
1032 1480 1127 1543 modo
1158 1479 1296 1563 temporis,

147 1583 298 1668 quamdiu
320 1583 403 1667 apud
425 1605 496 1647 eum
519 1581 682 1647 commodo
705 1581 757 1662 sit,
784 1583 866 1648 unde
888 1586 920 1647 61
942 1584 1178 1648 commodatum
1199 1584 1295 1648 dictum

145 1693 201 1754 est.
250 1689 299 1754 17.
322 1687 560 1752 Precarium
584 1689 642 1766 est,
666 1687 740 1750 dum
763 1709 854 1770 prece
875 1688 1011 1752 creditor
1030 1691 1165 1772 rogatus
1187 1689 1294 1772 permit

141 1795 193 1875 tit,
221 1792 396 1859 debitorem
416 1792 450 1855 in
472 1790 669 1875 possessione
690 1789 782 1855 fundi
803 1791 865 1855 sibi
886 1792 1022 1877 obligati
1040 1793 1198 1859 demorari
1218 1797 1247 1858 61
1266 1814 1293 1856 cr

142 1922 179 1965 eo
204 1897 325 1962 fructus
350 1918 469 1980 capere.

229 2000 260 2066 V
289 2001 424 2082 25,19.
468 2000 722 2085 Depositum
753 2005 802 2066 est
832 2001 949 2087 pignus
981 2004 1232 2069 commendatum
1264 2000 1292 2066 ad

144 2114 280 2193 tempus,
305 2106 395 2191 quasi
418 2107 472 2171 diu
494 2107 644 2190 positum.

229 2213 261 2279 V
275 2213 327 2292 25,
340 2214 392 2277 20.
427 2211 618 2276 Interest-
638 2211 672 2274 in
684 2211 834 2295 loquendi
849 2234 908 2276 usu
923 2212 1008 2276 inter
1022 2214 1141 2298 pignus
1157 2217 1188 2278 61
1202 2233 1292 2278 arran

143 2318 228 2385 Nam
250 2319 406 2404 pignus
430 2322 486 2395 est,
510 2318 594 2400 quod
617 2316 711 2381 datur
732 2320 864 2400 propter
878 2339 944 2381 rem
960 2318 1124 2398 creditam,
1149 2342 1226 2404 quae
1240 2319 1293 2382 dnn

145 2423 297 2503 redditur,
321 2423 430 2487 statim
453 2422 570 2506 pignus
593 2421 745 2486 aufertur.
790 2419 875 2485 Arra
897 2444 972 2486 vero
995 2427 1052 2502 est,
1077 2446 1159 2508 quae
1180 2425 1293 2508 primun

144 2552 202 2614 pro
232 2552 266 2593 re
288 2529 390 2593 bonae
420 2527 493 2591 fidei
524 2530 690 2591 contractu
721 2530 828 2610 empta
857 2548 894 2591 ex
918 2531 1009 2612 parte
1036 2529 1133 2592 datur
1155 2533 1187 2594 61
1207 2531 1293 2613 postea

146 2635 330 2717 completur.
377 2633 429 2696 21.
454 2631 513 2696 Est
536 2633 619 2696 enim
636 2654 709 2695 arra
724 2633 920 2716 complenda,
943 2654 1008 2697 non
1023 2634 1210 2711 auferenda3
1233 2631 1293 2697 unde

148 2737 202 2823 qui
225 2737 324 2802 habet
347 2761 462 2817 arram,
492 2759 556 2802 non
579 2737 683 2800 reddit
706 2736 788 2801 sicut
810 2738 937 2823 pignus,
960 2739 1014 2804 sed
1038 2738 1196 2803 desiderat
1216 2735 1294 2822 pleni·

146 2844 289 2907 tudinem
316 2881 364 2904 -.
397 2839 479 2905 Item
501 2841 586 2906 inter
608 2841 725 2926 pignus
749 2846 781 2907 et
803 2843 952 2908 fiduciam
975 2849 1007 2909 et
1021 2843 1233 2928 hypothecam
1251 2841 1293 2904 boc

148 2947 289 3011 interest.
335 2947 386 3010 22.
411 2945 574 3030 Pignus
597 2949 645 3011 est
669 2985 721 3026 -,
744 2949 829 3032 quod
850 2952 981 3033 propter
1003 2971 1070 3013 rem
1089 2951 1235 3014 creditam
1253 2944 1293 3009 ob

147 3052 285 3136 ligatur,
318 3051 406 3115 cuius
440 3052 485 3115 rei
508 3053 736 3135 possessionem
767 3055 867 3118 solam
897 3056 936 3118 ad
959 3059 1085 3138 tempus
1117 3052 1293 3138 consequitur

145 3157 296 3233 credit0r3
321 3161 459 3221 ceterum
475 3157 649 3221 dominium
665 3180 759 3241 penes
775 3158 948 3223 debitorem
964 3161 1020 3225 est.
1059 3160 1112 3224 23.
1136 3153 1292 3224 Fiducia

147 3265 204 3341 est,
228 3283 298 3324 cum
322 3283 371 3325 res
395 3261 503 3345 aliqua
525 3265 694 3327 sumendae
716 3266 846 3328 mutuae
868 3265 1019 3349 pecuniae
1039 3265 1290 3349 8661166166]-

146 3367 270 3450 cipatur
302 3366 352 3430 vel
381 3367 415 3430 in
446 3368 514 3431 iure
542 3368 672 3432 ceditur.
719 3369 770 3432 24.
806 3369 1056 3454 Hypotheca
1078 3373 1145 3447 est,
1176 3381 1290 3432 66616

148 3471 368 3536 commodatur
390 3471 457 3535 6166
473 3472 669 3555 depositione
684 3473 838 3559 pignoris,
861 3475 1007 3559 pactione
1022 3474 1073 3539 vel
1090 3475 1230 3539 cautione
1242 3467 1291 3534 sola

146 3577 384 3641 interveniente.

233 3680 263 3744 V
287 3681 339 3759 25,
363 3682 414 3745 25.
451 3681 710 3748 Momentum
733 3684 853 3749 dictum
876 3707 895 3748 a
917 3685 1070 3768 temporis
1092 3684 1248 3758 brevitate,
1266 3675 1290 3736 0

146 3807 241 3868 quam
265 3786 327 3849 6116
351 3808 445 3870 quam
469 3788 579 3851 statim
601 3788 689 3853 salvo
711 3791 841 3875 negotio
866 3789 1067 3868 reformetur,
1090 3812 1149 3853 nec
1169 3789 1202 3852 in
1216 3783 1289 3850 ullam

147 3912 268 3954 moram
295 3890 425 3974 produci
448 3891 571 3971 debeat,
596 3894 678 3977 quod
702 3896 857 3979 repetitur
881 3932 932 3958 -.
955 3894 1010 3978 (cf.
1031 3898 1101 3974 33.)

232 3994 264 4060 V
277 3998 328 4076 25,
342 3998 393 4061 30.
434 3995 599 4083 Usucap
610 4001 650 4064 io
674 4007 839 4073 (66Β616166
850 4007 970 4062 126616.
980 4009 1056 4074 4,23,·
1069 4006 1105 4074 cf.
1115 3993 1288 4074 6661664001·

233 4101 265 4165 V
283 4103 335 4180 25,
349 4101 401 4167 31.
434 4100 700 4186 Mancipatio
723 4104 807 4168 dicta
834 4108 898 4184 est,
931 4103 1006 4188 quia
1033 4125 1083 4168 res
1111 4123 1205 4166 manu
1227 4088 1289 4175 capi·

217 4259 243 4323 1)
261 4260 409 4325 sent.5,7,1.
428 4287 463 4296 -
481 4258 508 4326 2)
528 4275 582 4311 non
602 4257 740 4311 delendum
759 4264 843 4312 666661
857 4258 1026 4328 depastione
1043 4258 1081 4312 ad
1099 4257 1165 4310 XII
1172 4256 1220 4310 tet.
1235 4246 1287 4306 600,

146 4342 183 4396 661
200 4345 414 4398 ‘controuersiam
432 4345 464 4397 de
482 4344 547 4397 loco'
565 4350 684 4412 spectare
701 4346 837 4400 16166666
851 4346 1022 4416 6616111661.
1040 4351 1107 4400 rdm.
1119 4334 1286 4407 Fatuae&

145 4447 171 4485 6.
190 4433 246 4484 535.
286 4431 326 4498 Os.
347 4432 423 4500 infra
437 4449 465 4502 p.
484 4434 534 4484 415
551 4448 579 4484 6.
597 4435 622 4486 4.
