2940 4996
138 303 204 367 214
404 334 406 338 -
596 299 697 356 Edicta
716 299 859 356 aedilium.

56 495 117 530 na.
229 477 279 541 12.
311 475 370 547 Ex
393 477 541 559 operis
564 475 666 539 novi
688 476 1000 543 nuntiatione¹.

55 583 118 661 ἓξὲξ
230 582 280 645 13.
312 580 461 644 Damni
484 578 673 646 infecti&

374 756 403 819 2.
448 755 601 820 Edicta
623 756 829 821 aedilium
854 759 1093 824 curulium⁸.

82 925 87 935 ·
122 966 127 976 ,
230 897 258 960 1.
292 897 347 962 De
380 895 620 979 mancipiis
654 897 920 963 vendundis⁴.
965 898 1208 987 Quimancipia
1237 927 1297 969 ven·

63 1037 66 1045 ·
139 1006 230 1082 dunt,
262 1003 410 1066 certiores
433 1001 554 1064 faciant
576 1005 744 1084 emptores,
769 1003 846 1086 quid
869 1005 973 1069 morbi
996 1004 1107 1072 vitiive
1130 1008 1239 1092 cuique
1256 1011 1294 1087 sil,

141 1109 211 1193 quis
242 1107 398 1192 fugitivus
429 1128 539 1171 errove
569 1107 612 1170 sit
642 1128 764 1173 noxave
798 1110 921 1173 solutus
955 1132 1020 1174 non
1050 1111 1110 1177 sit:
1146 1113 1292 1195 eademqne

140 1213 247 1277 omnia
277 1233 349 1275 cum
377 1234 415 1276 ea
436 1210 596 1294 mancipia
627 1212 799 1292 venibunt,
830 1214 937 1296 palam
968 1220 1053 1281 recte
1076 1218 1292 1301 pronuntiante.

141 1318 225 1403 quod
258 1318 285 1381 si
316 1316 509 1400 mancipium
540 1315 690 1380 adversus
721 1339 757 1380 ea
791 1318 929 1383 venisset
961 1321 1027 1385 sive
1061 1323 1209 1386 adversus
1231 1321 1293 1406 qnod

140 1425 260 1487 dictum
290 1422 520 1506 promissumve
554 1422 668 1501 fuerit,
701 1442 773 1486 cum
806 1425 945 1504 veniret,
979 1426 1107 1505 fuisset,
1142 1427 1222 1510 quod
1242 1427 1290 1491 eins

141 1527 298 1612 praestari
321 1530 467 1611 oportere
491 1525 631 1590 dicetur:
655 1526 791 1609 emptori
815 1528 1035 1612 omnibusque,
1059 1531 1100 1594 ad
1117 1554 1196 1615 quos
1217 1552 1293 1596 sares

141 1633 296 1717 pertinet,
331 1631 483 1695 iudicium
514 1631 676 1711 dabimus,
709 1635 746 1695 ut
768 1633 801 1697 id
824 1636 1016 1718 mancipium
1041 1636 1253 1715 redhibeatur,
1274 1636 1293 1698 si

142 1738 219 1821 quid
242 1741 348 1801 autem
371 1740 445 1819 post
468 1735 682 1800 venditionem
706 1737 974 1823 traditionemque
1007 1742 1147 1807 deterius
1170 1741 1294 1826 emptoris

141 1865 238 1926 opera
265 1840 405 1905 familiae
438 1841 691 1923 procuratorisve
721 1842 788 1906 eius
816 1843 937 1908 factum
969 1847 1048 1926 erit,
1081 1848 1148 1912 sive
1182 1847 1250 1931 quid
1266 1867 1293 1909 er

143 1970 179 2013 eo
201 1951 274 2031 post
296 1946 510 2010 venditionem
532 1950 644 2010 natum
668 1948 864 2030 adquisitum
886 1950 993 2031 fuerit,
1027 1955 1059 2017 et
1081 1953 1109 2016 si
1134 1953 1208 2037 quid
1229 1949 1292 2016 alind

142 2054 177 2117 in
199 2052 382 2118 venditione
405 2052 433 2114 ei
456 2050 631 2128 accesserit,
655 2051 721 2114 sive
745 2052 821 2135 quid
844 2075 881 2117 ex
901 2076 938 2117 ea
953 2055 1126 2121 refractus
1142 2052 1293 2141 pervenerit

144 2160 390 2241 ademptorem,
425 2160 462 2219 ut
485 2179 522 2220 ea
543 2156 651 2219 omnia
673 2157 832 2237 restituat,
859 2159 947 2239 item,
978 2161 1108 2245 siquas
1131 2162 1294 2226 accessiones

144 2265 211 2348 ipse
235 2262 441 2347 praestiterit,
465 2264 502 2324 ut
524 2261 664 2344 recipiat.
698 2260 780 2327 Item
799 2264 825 2327 si
842 2266 924 2348 quod
943 2268 1137 2352 mancipium
1152 2267 1293 2353 capitalem

144 2370 286 2433 fraudem
312 2367 484 2445 admiserit,
508 2367 621 2430 mortis
644 2368 882 2433 consciscendae
904 2370 966 2434 sibi
989 2393 1084 2436 causa
1107 2372 1184 2457 quid
1200 2371 1294 2445 fecerit,

145 2476 217 2538 inve
240 2473 392 2538 harenam
419 2471 622 2555 depugnandi
649 2493 743 2535 causa
771 2474 810 2536 ad
843 2475 958 2541 bestias
989 2477 1191 2543 intromissus
1213 2475 1294 2549 fuerit,

144 2605 181 2645 ea
204 2580 311 2643 omnia
333 2581 367 2642 in
390 2578 570 2643 venditione
592 2579 838 2660 pronuntianto:
869 2602 907 2645 ex
930 2581 980 2647 his
1004 2583 1089 2646 enim
1113 2583 1213 2647 causis
1232 2578 1293 2645 indi·

146 2687 230 2750 cium
260 2684 415 2748 dabimus
451 2681 520 2748 Hoc
543 2683 696 2767 ampliuS,
728 2684 755 2747 si
786 2685 857 2768 quis
886 2688 1035 2752 adversus
1067 2711 1105 2753 ea
1128 2689 1225 2753 sciens
1242 2683 1295 2749 dolo

147 2792 231 2856 malo
255 2789 431 2853 vendidisse
454 2789 584 2868 dicetur,
608 2789 758 2852 iudicium
783 2790 955 2856 dabimus⁶.

83 2896 124 2972 ‚2‘3
235 2895 264 2958 2.
304 2894 370 2976 (De
391 2897 559 2977 lumentis.)
604 2894 666 2969 Qui
688 2895 831 2959 iumenta
853 2898 1005 2975 vendunt,
1036 2898 1146 2980 palam
1169 2902 1243 2963 recte
1260 2892 1296 2957 di·

146 3005 250 3079 cunto,
275 3001 351 3084 quid
374 3001 407 3064 in
431 3024 556 3086 quoque
579 3024 689 3066 eorum
712 3002 815 3065 morbi
840 3003 972 3087 vitiique
999 3004 1051 3083 sit,
1075 3005 1187 3090 ntique
1202 3002 1298 3087 optime

147 3111 260 3172 ornata
289 3107 443 3172 vendendi
474 3129 568 3171 causa
597 3106 734 3185 fuerint,
765 3107 812 3171 ita
842 3108 1039 3191 emptoribus
1069 3110 1240 3174 tradantur.
1277 3098 1299 3164 si

147 3214 223 3296 quid
246 3213 293 3276 ita
315 3212 435 3276 factum
459 3235 523 3277 non
548 3212 619 3292 erit,
643 3214 681 3277 de
704 3213 899 3277 ornamentis
915 3214 1119 3278 restituendis
1135 3212 1302 3279 iumentisve

147 3322 406 3385 ornamentorum
442 3319 570 3383 nomine
593 3318 795 3382 redhibendis
826 3319 859 3382 in
884 3318 993 3383 diebus
1016 3318 1194 3404 sexaginta,
1216 3305 1303 3382 morbi

148 3429 254 3490 autem
278 3424 387 3488 vitiive
409 3446 505 3488 causa
527 3423 679 3506 inemptis
702 3423 854 3487 faciendis
877 3424 911 3487 in
927 3447 982 3488 sex
997 3424 1171 3505 mensibus,
1194 3424 1238 3489 vel
1251 3433 1304 3505 qu⁰

148 3530 279 3594 minoris
310 3551 381 3593 cum
413 3531 557 3594 venirent
591 3528 721 3607 fuerint,
752 3529 786 3591 in
809 3551 892 3592 anno
926 3529 1079 3593 iudicium
1102 3530 1248 3594 dabimus.
1283 3514 1304 3583 si

147 3636 290 3698 iumenta
321 3635 411 3716 paria
440 3635 536 3699 simul
570 3634 727 3698 venierint
760 3637 792 3698 et
815 3635 951 3698 alterum
983 3636 1016 3698 in
1041 3658 1078 3700 ea
1101 3658 1196 3701 causa
1215 3627 1303 3699 suerii

220 3860 245 3929 l)
263 3860 301 3912 D.
322 3861 605 3927 39‚1‚13,1,·45,1‚4,2.
632 3890 661 3896 —
691 3859 717 3921 2)
736 3857 774 3910 D.
792 3861 911 3923 45,1‚4,2.
931 3889 966 3898 -
984 3860 1010 3929 3)
1031 3860 1066 3913 E.
1087 3861 1119 3914 P.
1138 3865 1206 3925 21,1,
1223 3859 1264 3913 uti
1279 3863 1303 3906 ὅ

153 3949 265 4016 Ulpiani
284 3947 360 4000 tebras
378 3947 413 3999 11
428 3947 465 4000 ad
482 3947 519 4000 ed.
539 3946 596 3999 aed.
615 3962 671 4000 eur.
684 3951 788 4014 recepta
805 3953 877 4000 aaut.
897 3979 930 3988 -
948 3950 976 4015 4)
995 3948 1063 4004 Gell.
1076 3953 1162 4012 4‚2,1:
1182 3940 1303 4002 ‘inaniet

149 4035 282 4090 aedilium
303 4033 450 4096 curulium,
470 4050 526 4102 qna
546 4034 628 4102 parte
648 4033 681 4087 de
699 4032 847 4102 mancipiis
867 4034 1023 4088 vendundis
1041 4038 1157 4088 cantum
1175 4039 1268 4090 cst’-
1295 4027 1303 4075 i

149 4122 185 4176 D.
206 4125 292 4186 21,1,1
308 4138 352 4188 pr.
388 4120 541 4174 Eoeordium
559 4122 652 4175 ederes
670 4121 750 4174 edicti
767 4122 841 4189 alred
859 4122 927 4176 Gell.
945 4126 990 4186 4‚2
1007 4124 1048 4176 ita
1064 4120 1303 4191 refertur:,‘titult

148 4227 286 4264 seruorum
313 4208 487 4276 singulorum
513 4209 632 4278 scriptus
655 4208 693 4261 sit
719 4210 816 4262 curato
843 4209 898 4271 its,
927 4211 960 4264 ut
978 4208 1106 4278 intellegi
1136 4213 1209 4264 recte
1226 4200 1303 4279 possi

148 4295 222 4365 qnid'
243 4299 289 4352 rel.
326 4298 473 4351 Formcloe
497 4297 686 4351 redhibitorloe
707 4302 813 4364 partem
832 4297 917 4350 achab.
946 4297 983 4350 D.
1001 4301 1137 4366 21,1,25,9.
1176 4298 1217 4367 ty.
1235 4297 1268 4351 ll.
1292 4330 1303 4342 ι

147 4400 174 4453 p.
191 4387 250 4438 437.
