2954 5010
671 316 776 372 Festus.
1264 322 1328 385 333

144 491 224 557 Ast
247 491 409 578 significat
431 494 475 571 at,
498 491 562 571 sed,
587 490 721 557 autem¹.
766 491 806 557 Ρ.
827 499 859 558 ’6.

146 596 456 663 Aurichalcum
479 596 530 661 vel
553 597 748 661 orichalcum
770 597 898 682 quidam
922 600 1040 680 putant
1054 599 1266 682 compositum
1291 623 1329 665 ex

148 727 222 770 aere
252 708 285 769 et
308 725 396 784 auro,
435 703 502 767 sive
532 702 617 785 quod
640 703 776 767 colorem
799 702 918 766 babeat
940 725 1086 783 auream3
1117 703 1327 768 orichalcum²

148 832 226 875 sane
250 809 384 888 dicitur,
417 807 494 892 quia
523 808 558 871 in
579 807 757 872 montuosis
787 807 864 871 locis
886 807 1067 887 invenitur3
1098 831 1189 874 mons
1212 811 1330 875 etenim

149 916 272 980 Graece
294 936 366 980 oros
389 911 598 998 appellatur³.
645 912 683 977 P.
709 919 737 978 9.

147 1019 480 1104 Bustumpproprie
504 1018 620 1082 dicitur
642 1018 740 1101 locuS,
763 1018 797 1082 in
821 1039 884 1102 quo
907 1022 1052 1083 mortuus
1075 1022 1123 1084 est
1146 1020 1330 1085 combustus
1400 1017 1403 1023 ’

149 1131 182 1190 et
206 1127 369 1210 sepultus,
404 1125 583 1208 diciturque
614 1124 744 1187 bustum
776 1124 868 1207 quasi
896 1123 977 1188 bene
1002 1123 1145 1204 ustum⁴,
1176 1126 1233 1189 ubi
1255 1148 1329 1191 vero

149 1232 336 1298 combustus
364 1231 435 1316 quis
457 1229 696 1309 tantummode,
727 1228 805 1292 alibi
828 1249 903 1293 vero
926 1231 974 1293 est
996 1228 1157 1312 sepultus,
1192 1230 1219 1293 is
1242 1230 1330 1294 locus

150 1337 192 1401 ab
216 1338 337 1402 urendo
359 1333 500 1400 ustrina⁶
523 1338 672 1412 vocatur3
695 1334 750 1398 sed
772 1334 867 1398 modo
889 1333 1001 1398 busta⁰
1024 1334 1168 1418 sepulcra
1189 1337 1331 1420 appella·

150 1465 232 1508 mus.
278 1440 317 1506 P.
339 1446 394 1506 32.

153 1547 464 1613 Oaduceatores
493 1545 593 1632 legati
621 1567 732 1630 pacem
763 1548 917 1630 petentes.
970 1543 1050 1610 Cato
1083 1544 1329 1625 ‘caduceatori’⁷,

151 1653 270 1738 inquit,
295 1658 396 1718 ‘nemo
418 1651 532 1717 homo8
555 1651 685 1717 nocet'⁹.
730 1649 770 1715 Ρ.
793 1655 845 1714 47.

152 1757 378 1823 Caelibari
408 1756 502 1821 hasta
529 1760 625 1840 caput
646 1755 798 1820 nubentis
820 1754 1015 1835 comebatur,
1039 1777 1120 1840 quae
1142 1756 1177 1820 in
1199 1777 1331 1840 corpore

150 1863 342 1948 gladiatoris
364 1860 505 1928 stetisset
528 1861 643 1926 abiecti
659 1860 826 1944 occisique,
850 1865 887 1925 ut
904 1861 1170 1944 quemadmodum
1185 1861 1242 1925 illa
1255 1885 1329 1926 con-

150 1968 265 2032 iuncta
296 1967 395 2034 fuerit
425 1990 497 2032 cum
525 1990 658 2051 corpore
689 1966 895 2052 gladiatoris,
926 1966 971 2030 sic
992 1966 1062 2050 ipsa
1084 1989 1156 2032 cum
1179 1967 1249 2032 viro
1271 1968 1330 2046 sit;

148 2077 200 2140 vel
227 2074 302 2159 quia
324 2078 489 2139 matronae
503 2072 669 2138 Iunonis¹⁰
693 2071 811 2136 Curitis
833 2073 867 2135 in
890 2073 991 2136 tutela
1013 2073 1088 2153 sint,
1112 2094 1194 2157 quae
1208 2073 1255 2137 ita
1273 2096 1331 2157 ap·

146 2179 332 2265 pellabatur
354 2203 373 2244 a
395 2179 526 2245 ferenda
547 2179 651 2259 hasta,
674 2201 755 2263 quae
778 2178 890 2263 lingua
914 2176 1105 2243 Sabinorum
1131 2178 1235 2243 ‘curis'
1252 2179 1329 2243 dici-

149 2289 224 2364 tur;
247 2322 292 2332 —
313 2285 364 2349 vel
387 2285 471 2370 quod
494 2285 632 2369 nuptiali
654 2285 723 2350 iure
745 2285 878 2368 imperio
904 2284 967 2348 viri
982 2282 1171 2348 subicitur¹¹
1198 2284 1330 2363 nubens,

148 2391 230 2476 quia
258 2391 353 2455 hasta
384 2412 509 2455 summa
535 2412 696 2455 armorum
720 2394 752 2455 et
773 2389 900 2474 imperii
923 2393 987 2455 est:
1021 2411 1117 2473 quam
1139 2390 1180 2454 ob
1203 2411 1330 2454 causam

146 2533 193 2544 --
217 2496 336 2580 captivi
360 2496 418 2560 sub
443 2496 551 2560 eadem
573 2498 720 2560 veneunt.
767 2494 805 2561 P.
834 2499 884 2560 62.

147 2601 325 2667 Celeres
348 2601 474 2685 antiqui
498 2601 646 2666 dixerunt
669 2623 749 2684 quos
772 2621 857 2663 nunc
873 2599 995 2682 equites
1011 2598 1155 2677 dicimus,
1178 2597 1330 2678 aGelere,

147 2706 357 2772 interfectore
380 2705 491 2787 Remo,
526 2708 582 2792 qui
604 2707 698 2771 initio
722 2729 741 2770 a
764 2704 903 2771 Romulo
925 2703 999 2770 iis¹²
1024 2704 1225 2788 praepositus
1247 2704 1330 2780 fuit3

149 2813 210 2897 qui
233 2813 383 2896 primitus
406 2814 497 2878 electi
520 2813 652 2878 fuerunt
674 2835 713 2877 ex
736 2811 872 2897 singulis
895 2809 992 2875 curiis
1008 2810 1091 2889 deni,
1112 2808 1248 2895 ideoque
1264 2831 1331 2874 om-

149 2919 232 2983 nino
255 2919 391 2984 trecenti
412 2918 509 2984 fuere.
555 2917 594 2984 Ρ.
619 2923 669 2984 55.

148 3023 365 3090 Genacula
388 3024 547 3105 dicuntur,
571 3024 610 3088 ad
634 3022 748 3107 quae¹⁸
772 3022 865 3087 scalis
889 3022 1080 3088 ascenditur.
1125 3020 1164 3087 P.
1189 3022 1278 3087 54¹⁴.

149 3129 308 3196 Censio
334 3128 533 3195 hasteria
565 3131 748 3210 dicebatur,
781 3151 853 3194 cum
875 3129 973 3194 militi
996 3130 1116 3194 multae
1138 3129 1267 3193 nomine
1289 3128 1330 3191 ob

153 3236 307 3301 delictum
329 3235 469 3301 militare
491 3235 735 3316 indicebatur¹⁶,
759 3236 844 3320 quod
865 3235 975 3300 hastas
999 3235 1098 3298 daret.
1142 3231 1181 3298 P.
1206 3237 1256 3297 54.

150 3340 409 3406 (lensionem
438 3341 541 3407 facere
564 3343 729 3407 dicebatur
750 3363 877 3419 censor,
911 3362 982 3404 cum
1005 3340 1141 3403 multam
1164 3336 1264 3422 equiti
1287 3337 1331 3400 ir-

149 3445 335 3532 rogabat¹⁸.
381 3446 420 3511 P.
446 3452 496 3513 54.

225 3622 251 3691 1)
269 3620 316 3675 Sic
328 3620 393 3690 cod,
413 3620 532 3676 velante
545 3624 641 3676 autem
658 3622 728 3675 mate
745 3622 796 3675 ins.
807 3620 881 3675 Mne.
900 3635 959 3673 cum
973 3619 1044 3688 culp.
1054 3648 1090 3658 -
1100 3617 1203 3673 Olario.
1219 3635 1330 3688 mamm.

150 3712 267 3773 229,30:
285 3710 330 3762 ast
350 3709 425 3778 apud
444 3711 551 3765 veteres
570 3710 680 3765 variam
699 3709 757 3764 vim
776 3707 898 3765 contulit
918 3707 1030 3763 vocibus
1041 3725 1093 3777 pro
1107 3709 1199 3776 atque,
1219 3725 1270 3776 pro
1291 3724 1330 3771 ac,

151 3816 206 3869 pro
227 3813 303 3866 ergo,
322 3797 378 3860 sed,
400 3799 505 3862 tamen,
525 3802 594 3863 tum,
609 3816 679 3862 cum,
693 3797 766 3852 utin
781 3795 881 3866 glossis
894 3795 1101 3864 antiquitatum
1115 3793 1235 3865 legimus
1247 3793 1331 3862 scrip·

153 3888 225 3940 turn.
264 3883 305 3954 Of.
325 3883 443 3952 Soboell,
472 3885 540 3939 XII
554 3888 607 3942 tob.
635 3890 691 3940 110.
719 3917 753 3925 -
781 3888 809 3954 2)
837 3882 1029 3938 aurichalcum
1048 3883 1088 3938 M
1118 3915 1150 3922 -
1176 3883 1204 3950 3)
1232 3881 1262 3934 P.
1282 3884 1331 3934 47:

152 3973 308 4028 Cadmea
334 3974 424 4038 terra,
452 3990 524 4042 quae
549 3975 579 4028 in
604 3992 650 4029 aes
668 3972 798 4038 coicitur,
826 3975 860 4027 ut
877 3972 929 4026 fiat
947 3971 1126 4026 orichalcum.
1159 4000 1192 4008 -
1215 3968 1243 4038 4)
1262 3968 1333 4025 bene

154 4061 264 4115 iustum
283 4060 324 4114 M.
342 4091 378 4100 —
399 4063 425 4132 5)
444 4060 552 4117 ostrina
571 4062 612 4115 M.
629 4092 665 4100 -
683 4062 709 4130 6)
728 4061 811 4117 modo
824 4061 926 4116 obusta
941 4058 970 4112 T.
989 4059 1063 4128 -7)
1075 4057 1250 4113 caduciatori
1263 4054 1330 4109 GM.

151 4181 187 4191 -
206 4149 235 4218 8)
253 4149 335 4205 homo
353 4166 404 4204 om.
422 4149 450 4206 T.
466 4179 501 4189 -
519 4151 545 4216 9)
563 4152 657 4206 nosset
675 4150 709 4205 G.
728 4181 763 4190 -
783 4150 827 4218 10)
845 4146 950 4201 iuninis
969 4147 1010 4200 M.
1029 4175 1059 4186 -
1081 4146 1125 4215 11)
1137 4142 1282 4199 subiicitur
1296 4144 1329 4199 G.

152 4268 187 4278 -
209 4235 254 4306 12)
272 4236 316 4290 bis
332 4234 362 4294 m
381 4236 422 4291 Μ.
440 4267 475 4277 -
496 4235 540 4306 13)
558 4254 627 4306 quas
647 4237 769 4291 111)νά-
790 4237 833 4305 14)
853 4234 895 4306 Cf.
915 4235 953 4289 D.
971 4235 1114 4303 43‚14,3,7=
1139 4232 1187 4286 sed
1206 4231 1229 4285 si
1247 4248 1332 4301 supra

154 4324 246 4389 aedes,
273 4341 343 4393 quas
361 4324 497 4394 possideo,
517 4324 680 4379 cenaculum
698 4325 736 4380 ait
754 4332 801 4384 cet.
828 4356 859 4365 -
887 4320 1200 4392 annuissemus.
1225 4351 1260 4361 -
1288 4322 1332 4392 16)

150 4411 327 4483 inrogabant
345 4412 386 4466 M.
