2954 5010
733 318 829 390 Leges.

458 562 488 634 7.
532 567 1083 654 LexSulpiciarivalieia.
1139 567 1140 571 ¹

261 711 369 784 (Fest..·
399 705 480 766 Sifus
502 753 508 768 .
532 754 538 768 .
561 753 567 767 .
591 707 654 786 [pro
675 705 770 786 lu]bis
786 741 820 749 -
845 750 851 764 .
874 754 881 769 .
904 753 910 767 .
933 709 976 790 [in
995 713 1072 792 le]ge
1091 713 1225 775 rivalicia
1245 717 1287 776 sic
1306 716 1361 787 esi,

182 806 270 886 [quac
291 804 352 863 lala
372 806 418 863 est
437 802 573 882 roganda
594 803 738 879 populum
759 803 820 863 Ser.
842 803 1037 888 Sulpi[cio]¹:)

270 953 308 969 ..
334 954 341 969 .
368 902 540 986 [mon]tani
572 902 729 986 paganive
761 899 840 986 siffis
874 925 992 988 aquam
1020 906 1224 991 dividundo]:
1261 909 1360 975 donec

182 1031 251 1073 cam
273 1008 358 1073 inter
380 1030 414 1072 se
437 1005 631 1091 [diviserintz
656 1054 792 1072 ......
795 1005 840 1091 ]s²
864 1008 1016 1076 iudicatio
1039 1016 1117 1079 esto.

392 1183 422 1250 8.
469 1181 550 1246 Lex
574 1179 1150 1256 OscalabulaeBaniinac³.

165 1323 446 1413 .t..(28)...
493 1372 501 1387 .
547 1371 556 1386 .
602 1321 908 1390 olnomtustiziero
947 1377 955 1392 .
996 1368 1003 1390 .
1043 1327 1144 1411 (18).
1191 1380 1199 1396 .
1247 1330 1359 1419 ..l

146 1424 577 1517 2.1..(19)'...svalilivs
600 1449 630 1510 q.
652 1427 1305 1522 mollamangii‚v..(4)..mn..(10).
1331 1436 1358 1523 ,1

254 1587 279 1657 1)
303 1585 400 1641 IOtum
427 1585 485 1638 Ser.
505 1582 657 1651 Sulpicium
681 1583 814 1638 consulem
838 1601 863 1638 a.
883 1588 937 1639 703
963 1587 1364 1661 intellepitRud.RG.1,215

182 1674 236 1743 (Of.
249 1673 336 1727 ZGR.
350 1673 466 1743 aeeon,
484 1671 562 1726 nulla
578 1676 650 1725 certa
661 1672 768 1725 ratione
778 1672 861 1727 nisus.
882 1704 914 1712 —
935 1675 961 1740 2)
984 1675 1150 1750 [praetoriJs
1168 1678 1237 1748 Urs,
1256 1685 1287 1735 at
1300 1697 1363 1736 cura

181 1779 314 1832 aquarum
340 1768 402 1816 ante
427 1761 581 1830 Aupustum
599 1775 736 1813 musarum
757 1759 817 1829 fuit
840 1766 920 1829 atque
943 1762 1073 1818 aedilium
1090 1766 1240 1834 curulium·
1265 1767 1362 1823 Front.

182 1867 204 1904 a.
223 1852 335 1904 94-97.
377 1847 419 1916 Of.
439 1847 496 1901 Mo.
522 1846 639 1901 Staatsr.
659 1849 774 1914 2,455,3.
793 1877 827 1886 -
851 1848 1090 1918 estrumentum
1116 1852 1225 1908 tabulae
1241 1853 1364 1925 amnem,

181 1937 212 1990 in
230 1936 356 1991 Lucumo
370 1935 604 2004 propellentium
621 1951 647 1988 a.
667 1937 736 1988 1790
761 1936 833 2002 (cum
857 1935 884 1989 V
893 1936 1025 2004 frustulis
1042 1939 1203 2008 minoribus)
1222 1948 1364 2013 repertum,

182 2024 259 2078 hodie
277 2024 396 2092 Neapoli
411 2024 441 2076 in
458 2037 547 2076 museo
566 2021 703 2076 nationali
719 2021 903 2092 ammentum,
931 2025 1017 2079 latum
1033 2043 1068 2079 m.
1088 2029 1165 2094 0,38,
1184 2028 1272 2083 altum
1291 2033 1364 2101 O,26,

182 2113 265 2167 totius
292 2112 400 2166 tabulae
421 2116 498 2166 senta
519 2109 581 2177 fere
600 2125 676 2178 pars.
719 2109 856 2178 Utrimque
874 2112 942 2181 lopas
959 2113 1105 2182 inscriptae
1121 2121 1199 2183 sunt,
1227 2131 1261 2169 eoo
1278 2117 1364 2172 altera

178 2206 259 2270 parte
276 2200 319 2254 teu
338 2198 414 2266 Osca,
440 2215 473 2253 eoa
490 2199 577 2253 altera
599 2197 712 2252 Latina.
748 2198 829 2267 Lapis
848 2199 967 2254 Latinae
984 2215 1052 2269 quae
1068 2207 1176 2256 sauata
1192 2209 1258 2257 suut
1275 2207 1364 2274 capita

183 2292 326 2342 entrenmm
344 2292 450 2342 tantum
468 2286 532 2354 lepis
545 2291 651 2355 portem
673 2286 691 2338 i.
711 2301 732 2340 e.
750 2288 886 2356 penerales
903 2290 1054 2342 sanationes
1072 2289 1217 2358 continent,
1235 2292 1309 2346 unde
1324 2295 1363 2362 ip-

181 2375 238 2428 sius
263 2374 327 2443 lepis
344 2374 476 2428 sententia
494 2373 619 2442 capnosci
634 2388 690 2426 non
700 2377 797 2440 potest.
835 2373 931 2428 Oscum
948 2374 1029 2445 lopun
1046 2375 1084 2429 ad
1099 2391 1156 2430 rem
1172 2378 1361 2448 municionem

179 2462 331 2517 Bantinam
354 2466 483 2530 spectasse
509 2461 600 2528 capita
625 2464 732 2513 sanata
754 2460 821 2513 sotis
846 2460 953 2528 docent,
979 2460 1111 2516 Latinam
1126 2465 1225 2532 populi
1240 2464 1362 2522 &amni

180 2551 297 2619 fortasse
320 2550 493 2604 iudiciariam
512 2548 600 2618 fuisse
618 2547 698 2616 lepem
715 2548 897 2616 comprobasse
914 2548 1020 2602 uidetur
1038 2549 1197 2619 Kircltltoff,
1216 2551 1322 2608 Stadtr.
1339 2571 1363 2608 o.

181 2638 287 2693 Bantia
301 2655 330 2707 p.
350 2640 464 2705 90-97,
482 2652 538 2691 non
556 2635 718 2690 adsentiente
736 2641 825 2690 tamen
843 2636 901 2690 Mo.
922 2635 951 2690 0.
970 2636 994 2690 I.
1014 2636 1050 2692 L.
1066 2640 1204 2705 1,46-47.
1238 2639 1362 2697 Aetatem

183 2727 246 2796 lepis
270 2726 389 2780 Latinae
410 2728 485 2780 intra
508 2742 533 2779 a·
553 2726 719 2780 caretate
743 2730 816 2778 certa
832 2726 939 2779 ratione
957 2725 1095 2780 constituit
1112 2725 1184 2793 Mo,
1210 2713 1315 2797 oscam
1337 2731 1362 2784 si

178 2817 258 2883 prior
275 2815 349 2882 fuit,
374 2831 399 2868 a.
418 2816 471 2867 570
496 2813 647 2868 antecedam
673 2827 728 2865 nou
750 2813 869 2880 patuisse
894 2812 985 2867 docuit
1002 2813 1066 2867 Kir.
1086 2813 1103 2866 l.
1123 2830 1144 2868 a.
1163 2843 1197 2854 —
1216 2814 1278 2870 Lea
1298 2816 1364 2871 Osca

183 2903 291 2956 tabulae
312 2903 399 2956 incisa
417 2907 475 2955 erat
493 2900 563 2954 oiseis
577 2898 703 2967 popinis,
730 2914 845 2967 quarum
863 2899 963 2966 altera,
990 2899 1108 2953 intuenti
1124 2899 1247 2969 dentem
1269 2904 1364 2973 fracto

182 2992 276 3045 tabula
293 2990 413 3059 deperiit,
431 2988 543 3042 alterius
556 3001 625 3054 pars
642 2984 729 3039 media
745 2990 851 3038 serenta
864 2990 910 3052 est,
928 2987 1050 3054 superior
1062 2992 1088 3040 et
1098 2987 1215 3055 inferior
1227 2989 1364 3057 effractae.

183 3077 299 3146 Simpula
324 3077 414 3145 comta
438 3075 549 3129 nonani
574 3073 671 3141 spatiis
694 3071 838 3126 admodum
850 3075 946 3141 paron
964 3072 1092 3129 distinata
1108 3081 1172 3130 sunt
1189 3093 1361 3133 numuonm

183 3166 254 3218 notis
271 3180 327 3218 uon
344 3163 463 3218 adiedes.
499 3161 615 3230 Sinpula
638 3161 719 3214 cerba
740 3160 897 3230 plerumque
917 3163 1027 3230 pandis
1044 3163 1209 3231 interpositis
1227 3164 1362 3220 disiuncta

182 3258 254 3320 snut,
273 3253 437 3321 neplepenter
454 3265 515 3304 oero
533 3255 589 3303 tom
603 3249 701 3317 positis
718 3265 799 3317 quom
817 3250 928 3303 emissis
955 3249 1036 3319 Lapis
1054 3250 1134 3305 editio
1159 3254 1362 3307 accuratissima

183 3346 236 3394 est:
255 3339 321 3407 Mo,
341 3339 384 3393 die
400 3337 620 3393 unteritolisclten
640 3337 763 3391 Dialeate
782 3337 874 3403 (1850)
889 3353 919 3405 p.
930 3339 1057 3391 145-68.
1085 3338 1235 3407 Archetppi
1253 3346 1364 3409 eatppon

183 3428 222 3482 ed.
242 3428 380 3496 metaieffi
398 3428 498 3497 spllape
515 3427 636 3494 inscript.
657 3425 786 3479 Oscorum
805 3427 895 3492 (1877)
915 3427 1040 3493 1,75-8,·
1058 3430 1087 3493 2,
1106 3424 1192 3482 XIX.
1230 3427 1363 3496 Interpre-

183 3516 282 3570 tandae
306 3517 369 3585 lepis
391 3517 470 3585 quasi
481 3515 664 3583 fundamenta
677 3515 771 3582 posuit
796 3513 943 3581 Kircltltoff
951 3553 959 3581 ,
988 3530 1064 3582 quem
1080 3515 1111 3567 in
1129 3514 1290 3582 quibrndom
1308 3531 1366 3569 cum

183 3605 315 3673 suppleuit
333 3609 390 3658 tum
407 3603 554 3658 emmdaoit
572 3602 667 3670 Lampe
685 3600 759 3668 (Oslr.
773 3601 878 3654 Insclr.
896 3600 922 3654 d.
937 3601 991 3654 tab.
1006 3600 1089 3655 Bant.
1110 3603 1205 3668 1853);
1223 3604 1365 3657 amnentu-

184 3693 249 3746 bant
267 3692 299 3745 de
316 3707 420 3745 summa
436 3708 466 3745 re
479 3690 614 3760 pltilolope'
630 3705 732 3756 omnes,
750 3689 858 3758 sinpula
876 3693 982 3743 tantum
1000 3690 1153 3744 accuratius
1167 3696 1366 3758 praesentantes

184 3786 209 3834 et
227 3781 392 3848 corripentes.
432 3779 473 3847 Of.
492 3778 618 3846 Enderrs,
637 3777 825 3830 Formenlehre
841 3776 866 3830 d.
879 3777 933 3830 asle.
944 3776 1006 3845 Spr.
1027 3778 1101 3830 1871.
1129 3775 1218 3830 Plane
1235 3776 1366 3831 diuersam

183 3868 429 3936 interpretationem
442 3867 586 3935 proposuit
605 3865 678 3919 Hu:
705 3864 767 3919 Osis.
785 3881 813 3918 u.
832 3863 931 3918 Sabell.
950 3863 1158 3933 Sproeltdenlrm.
1178 3865 1270 3933 (1856)
1287 3882 1316 3934 p.
1333 3867 1365 3918 59

183 3959 278 4023 -140,
297 3971 405 4024 eamque
421 3956 518 4009 iterum
534 3953 653 4023 defendit
672 3955 738 4006 1874
756 3952 879 4006 inlibro:
899 3950 942 4006 die
954 3952 1054 4018 Multa,
1071 3968 1100 4019 p.
1110 3953 1213 4004 61.504.
1243 3951 1297 4006 Oui
1307 3969 1365 4007 curn

185 4042 257 4097 Rud.
278 4041 352 4110 (tte.
366 4042 554 4109 2,420Anm.)
573 4041 754 4109 adstipulatus
773 4044 846 4106 esset,
864 4056 920 4093 rem
937 4041 992 4094 iam
1009 4041 1040 4093 in
1057 4038 1118 4093 edit.
1133 4038 1186 4091 ΠΙ
1202 4055 1263 4093 aum
1278 4040 1365 4108 piselo·

186 4131 245 4199 lopo
268 4145 385 4184 summae
407 4130 458 4183 hoo
475 4131 505 4182 in
522 4146 552 4183 re
568 4128 750 4195 auctoritates,
779 4126 829 4180 Fr.
849 4126 995 4181 Buecheler
1012 4126 1166 4194 Bonnensi,
1192 4127 1291 4181 iterum
1304 4143 1364 4196 per-

185 4218 308 4284 tractavi,
332 4232 383 4285 per
400 4232 476 4284 quem
492 4217 727 4285 persuasissimum
743 4215 812 4269 malti
827 4222 866 4270 est
882 4217 996 4270 nimium
1012 4216 1119 4284 inpenio
1137 4214 1282 4269 indulsisse
1299 4215 1364 4283 Hu,

185 4322 267 4374 eaque
285 4307 349 4374 lepis
365 4306 461 4373 umbo,
489 4322 503 4359 e
521 4306 617 4374 quibus
635 4311 692 4359 tota
712 4304 772 4372 fere
789 4319 832 4357 res
845 4303 958 4371 pendet,
980 4303 1066 4356 ueluti
1082 4302 1223 4366 deivaum,
1241 4301 1363 4365 nicetam,

187 4392 335 4460 nesimom,
365 4399 458 4450 eontra
482 4394 601 4450 rationes
617 4393 808 4464 praumaticas
831 4392 866 4446 ab
884 4407 914 4446 eo
932 4407 986 4446 esse
1003 4391 1158 4461 adplicatos,
1176 4389 1289 4462 tempu
1305 4390 1364 4446 uni·
