2954 5010
596 322 702 377 Festus.
1170 328 1233 391 335

53 500 294 568 Condictio¹
315 503 350 567 in
373 503 457 566 diem
480 505 603 566 certum
618 501 685 565 eius
701 501 757 580 rei,
782 521 864 585 quac
879 501 998 586 agitur,
1023 501 1234 566 denuntiatio.

53 607 91 671 Ρ.
120 614 171 673 66.

53 711 307 777 Condictum
330 716 388 792 est,
413 712 498 795 quod
520 713 554 775 in
576 713 758 779 commune²
781 719 829 779 est
852 715 981 779 dictum.
1027 713 1066 778 Ρ.
1089 719 1142 780 39.

53 816 309 901 Conscripti
333 816 529 895 dicebantur,
565 818 621 901 qui
644 841 682 882 ex
705 819 844 903 equestri
871 818 981 884 ordine
1007 820 1152 904 patribus
1180 820 1235 883 ad-

54 922 305 1002 scribebantur³,
327 926 365 987 ut
386 944 536 986 numerus
559 927 742 988 senatorum
764 923 953 1007 expleretur.
999 923 1038 988 P.
1062 928 1115 988 41.

54 1026 334 1110 consponsor
356 1027 547 1091 coniurator.
594 1026 632 1090 P.
657 1032 710 1093 59.

55 1132 302 1216 Consposos
326 1132 452 1216 antiqui
476 1132 623 1196 dicebant
646 1131 707 1197 fide
729 1137 842 1198 mutua
865 1134 1043 1218 colligatos
1089 1134 1128 1199 P.
1152 1140 1203 1199 41.

55 1238 141 1303 Con
154 1238 319 1301 testari
349 1238 438 1301 litem
462 1237 611 1300 dicuntur
634 1237 697 1302 duo
720 1242 776 1303 aut
797 1239 904 1322 plures
928 1240 1117 1319 adversarii,
1150 1243 1234 1325 quod

55 1343 205 1407 ordinato
228 1342 345 1407 iudicio
367 1347 503 1426 utraque
518 1364 592 1427 pars
608 1342 710 1407 dicere
726 1344 824 1408 solet:
848 1344 969 1409 ‘Testes
981 1348 1102 1410 estote'.
1127 1345 1166 1408 P.
1182 1351 1234 1409 57.

57 1447 314 1513 Contestari
343 1451 409 1527 est,
446 1470 519 1512 cum
548 1452 683 1532 uterque
721 1471 793 1514 reus
823 1449 917 1514 dicit:
964 1449 1083 1515 ‘Testes
1113 1453 1233 1516 estote‘.

56 1552 96 1618 P.
126 1557 181 1618 38.

59 1657 221 1723 Contio
243 1658 404 1744 significat
428 1663 634 1736 conventum,
667 1682 732 1725 non
755 1665 863 1725 tamen
886 1659 1001 1742 alium,
1036 1684 1131 1747 quam
1154 1685 1236 1743 eum,

13 1844 16 1849 Ι
59 1763 117 1848 qui
141 1762 178 1827 a*
201 1764 393 1849 magistratu
416 1764 466 1827 vel
489 1785 508 1826 1
530 1764 692 1829 sacerdote
713 1764 858 1848 publico⁵
881 1788 938 1850 per
953 1788 1139 1849 praeconem
1162 1789 1237 1832 con-

55 1872 200 1934 vocatur.
245 1867 285 1933 P.
309 1873 363 1934 38.

55 1972 342 2039 Contrarium
364 1994 427 2053 aas,
450 1994 549 2058 grave
571 1995 633 2038 aes.
679 1972 719 2038 Ρ.
746 1979 796 2040 64.

55 2078 308 2144 Conventae
330 2078 524 2142 condicio
547 2078 721 2159 dicebatur,
743 2101 816 2143 cum
838 2081 960 2164 primus
983 2103 1086 2147 sermo
1102 2083 1140 2148 de
1155 2105 1237 2166 nup-

52 2184 112 2248 tiis
136 2186 169 2248 et
193 2205 302 2248 earum
324 2183 507 2247 condicione
529 2183 718 2248 habebatur.
764 2183 804 2248 P.
831 2190 884 2249 62.

54 2289 305 2354 Conventus
328 2292 480 2372 quattuor
494 2289 596 2354 modis
611 2289 823 2374 intellegitur:
845 2327 889 2338 —
911 2292 1018 2371 tertio,
1040 2314 1113 2356 cum
1128 2315 1148 2356 a
1162 2315 1230 2357 ma-

55 2395 253 2481 gistratibus
275 2393 383 2458 iudicii
406 2416 501 2459 causa
523 2395 660 2479 populus
683 2401 908 2481 congregatur.
953 2397 993 2461 P.
1017 2402 1069 2462 41.

54 2499 156 2566 Cum
179 2499 365 2584 imperio
389 2503 453 2564 est
475 2499 640 2564 dicebatur
663 2500 748 2583 apud
770 2501 930 2584 antiquos,
954 2502 1235 2567 01111101111111111116

56 2629 77 2670 1
100 2605 221 2690 populo
244 2604 380 2669 dabatur
395 2604 574 2687 imperium.
609 2603 705 2670 Cum
727 2627 776 2690 po
789 2603 971 2672 testate⁷
994 2612 1056 2672 est
1071 2607 1236 2673 dicebatur

56 2711 99 2777 de
122 2731 170 2790 ac,
194 2711 250 2794 qui
272 2732 292 2774 a
313 2710 433 2794 populo
455 2709 551 2773 alicui
574 2711 704 2795 negotio
725 2711 997 2794 praeficiebatur⁸.
1042 2713 1083 2778 P.
1109 2719 1160 2779 50.

57 2815 159 2880 Cum
181 2814 337 2900 populo
360 2836 484 2900 agere
506 2814 567 2880 hoc
589 2815 653 2880 esu
676 2817 830 2901 populum
852 2818 892 2882 ad
915 2819 1083 2885 concilium
1106 2824 1162 2884 aut
1184 2841 1238 2884 co·

56 2921 155 2987 mitia
176 2943 297 2989 vocare.
342 2920 382 2988 Ρ.
408 2927 458 2988 50.
1171 2992 1173 2996 Α

57 3025 296 3092 Curatores
319 3028 432 3093 —rei
455 3027 684 3094 frumentariae
714 3028 874 3115 agrisve¹⁰
904 3030 1080 3095 dividendis
1102 3052 1237 3114 praepo-

57 3131 125 3197 siti.
171 3131 212 3197 P.
235 3137 289 3198 48.

58 3235 197 3301 Curia
226 3238 313 3303 locus
345 3242 408 3319 est,
440 3239 496 3303 ubi
525 3240 670 3325 publicas
697 3263 788 3305 curas
810 3242 975 3325 gerebant.
1021 3238 1241 3304 calabrass

59 3343 184 3407 curia
211 3344 390 3423 dicebatur,
424 3346 480 3409 ubi
501 3350 629 3411 tantum
652 3347 735 3411 ratio
757 3368 920 3411 sacrorum
942 3345 1122 3429 gerebatur.
1168 3343 1239 3408 Cu-

59 3448 155 3513 riae
177 3449 274 3514 etiam
296 3451 514 3530 nominantur,
537 3453 571 3515 in
595 3452 711 3536 quibus
733 3451 981 3534 uniuscuiusque
1003 3449 1104 3532 partis
1127 3448 1239 3533 populi

59 3555 201 3621 Romani
223 3557 298 3640 quid
322 3558 455 3642 geritur,
479 3558 588 3641 quales
611 3562 687 3621 sunt
708 3558 779 3637 hae,
802 3557 836 3620 in
859 3577 938 3640 quas
958 3553 1115 3618 Romulus
1137 3575 1240 3638 popu·

59 3661 130 3724 lum
153 3660 326 3740 distribuit,
350 3684 482 3727 numero
506 3663 653 3748 triginta,
676 3662 793 3747 quibus
805 3666 916 3746 postea
932 3659 1039 3724 addita
1054 3662 1130 3723 sunt
1146 3659 1240 3743 quin·

61 3788 135 3849 que,
158 3765 205 3829 ita
227 3770 264 3830 ut
286 3767 320 3830 in
343 3788 401 3831 sua
424 3767 559 3850 quisque
581 3767 669 3830 curia
692 3788 782 3831 sacra
803 3764 932 3850 publica
946 3764 1065 3830 faceret
1081 3764 1240 3847 feriasque

61 3872 259 3949 observaret,
293 3869 429 3955 iisque¹2
459 3872 555 3936 curiis
578 3872 713 3957 singulis
736 3873 866 3937 nomina
888 3870 1056 3936 Curiarum
1080 3870 1240 3956 virginum

135 4151 160 4220 1)
179 4148 303 4205 condicio
322 4149 354 4214 G,
380 4149 503 4206 conditio
522 4151 562 4206 M.
589 4181 622 4191 -
641 4152 669 4218 2)
687 4150 828 4207 communi
846 4150 916 4204 dabri.
941 4180 976 4189 -
996 4148 1024 4219 3)
1043 4148 1240 4204 adscribantur

65 4237 106 4291 M.
125 4268 161 4278 —
178 4239 207 4306 4)
225 4254 243 4291 a
261 4238 448 4292 0111111111.-
467 4239 493 4309 5)
512 4238 624 4308 buplicc
643 4239 684 4292 M.
704 4268 732 4276 -
754 4240 782 4307 6)
800 4237 978 4293 nominatum
999 4237 1029 4291 T.
1047 4267 1082 4276 -
1100 4238 1128 4305 7)
1143 4237 1184 4290 sic
1204 4236 1243 4304 Τ;,

63 4343 127 4380 cum
144 4326 257 4396 potesta
276 4325 317 4394 M,
345 4327 518 4395 compotesta
536 4325 570 4381 G.
596 4356 630 4366 -
648 4325 676 4396 8)
692 4325 905 4396 praeferebatur
923 4326 994 4380 labri.
1021 4354 1055 4364 -
1074 4326 1100 4395 9)
1129 4325 1171 4379 est
1189 4323 1242 4379 hoo

62 4414 251 4470 111111111-
272 4413 482 4484 10)111θ.-
504 4415 826 4485 11101111111111-
849 4413 1099 4486 1111111111.
1152 4459 1155 4463 ,
1216 4451 1238 4461 ..
