2954 5010
567 308 655 382 Leges
672 308 725 366 XII
742 307 917 366 tabularum.
1287 314 1333 380 33

237 487 291 554 27.
339 488 444 556 Gutus
467 489 487 554 I.
511 486 574 554 IV
590 489 634 555 ud
658 488 742 553 XII
760 489 819 554 tub.
844 486 901 573 (D.
924 486 1091 572 47‚22‚4).·
1116 487 1178 553 His
1201 487 1332 573 (sodali-

145 591 223 675 bus)
246 597 440 678 potestatem
463 592 543 658 facit
566 594 617 658 lex
632 592 718 679 ’(ΧΠ
733 593 826 678 tab),
849 592 1029 678 pactionem
1045 617 1141 678 quam
1160 594 1332 660 velintsibi

145 695 242 778 ferre,
265 697 342 764 dum
363 722 404 765 ne
426 699 503 785 quid
525 721 564 764 ex
587 699 716 784 publica
747 699 821 785 lege
842 704 1069 782 oorrumpant;
1101 700 1155 766 sed
1181 700 1260 764 haec
1282 700 1333 764 lex

147 801 279 868 videtur
302 804 435 890 exlege
456 801 582 870 Solonis
605 804 764 871 translata
786 826 862 872 esse.

582 978 761 1047 TABULA
783 978 893 1046 VIHI.

239 1119 269 1186 1.
293 1119 324 1187 2.
374 1119 435 1187 (nc
460 1120 511 1206 (de
533 1121 586 1205 lep.
602 1126 725 1202 3,4‚11;
743 1118 873 1206 re‚44):
894 1117 1080 1205 ‘Privilegia
1094 1142 1135 1186 ne
1149 1121 1332 1207 inroganto.

148 1225 199 1291 De
222 1227 327 1311 eapite
350 1225 427 1292 civis
450 1226 513 1291 nisi
544 1248 601 1311 per
631 1227 808 1291 maximum
837 1225 1037 1289 comitiatum
1058 1259 1103 1273 -
1125 1248 1165 1290 ne
1186 1225 1335 1292 ferunto'.

152 1367 194 1378 —
218 1330 321 1418 Leges
343 1331 616 1416 praeclarissimae
639 1333 677 1397 de
696 1330 760 1396 XII
781 1331 903 1396 tabulis
926 1331 1063 1396 tralatae
1085 1331 1176 1412 duae,
1199 1355 1335 1418 quarum

150 1436 256 1502 altera
277 1437 448 1525 privilegia
462 1437 559 1519 tollit,
584 1439 685 1504 altera
707 1437 865 1522 decapite
888 1435 972 1502 ciris·
988 1436 1096 1522 rogari
1111 1436 1174 1502 nisi
1195 1438 1335 1502 maximo

150 1541 321 1620 comitiatu
344 1547 451 1609 vetat·

240 1650 272 1713 3.
320 1647 442 1714 Gellius
464 1647 619 1733 (20,1‚7).·
643 1648 755 1713 duram
770 1670 838 1713 esse
852 1648 956 1734 legem
971 1651 1077 1733 putas,
1101 1668 1182 1732 quae
1197 1647 1334 1713 iudicem

150 1751 351 1818 arbitrumve
373 1752 442 1819 iure
465 1753 597 1834 datum,
631 1754 686 1839 qui
716 1754 757 1819 ob
786 1776 854 1820 rem
877 1752 1143 1840 [iu]dio[a]ndam
1165 1752 1333 1837 pecuniam

150 1858 311 1944 accepisse
334 1859 498 1925 convictus
520 1864 580 1940 est,
602 1859 707 1944 eapite
728 1859 898 1945 poenitur?

237 1965 273 2029 4.
317 1964 515 2048 Pomponius
545 1964 692 2030 enchirid.
722 1964 779 2050 (D.
812 1963 974 2050 1,2‚223).·
1006 1968 1189 2048 quaestores
1210 2001 1255 2013 -·
1278 1966 1335 2050 qui

152 2067 348 2154 capitalibus
370 2071 465 2136 rebus
481 2073 674 2156 praeessent,
694 2105 735 2117 -
759 2068 1005 2154 appellabantur
1027 2074 1209 2155 quaestores
1232 2071 1337 2156 parri-
1455 2071 1456 2077 ’

152 2173 238 2256 oidii‚
263 2197 401 2260 quorum
424 2175 522 2240 etiam
545 2176 693 2241 meminit
714 2175 766 2241 Iex
788 2173 853 2240 XII
875 2176 943 2240 tab.

241 2281 278 2346 5,
319 2280 510 2347 Marcianus
534 2280 590 2366 (D.
613 2281 754 2365 48,4‚3).·
787 2280 852 2346 Lex
873 2278 938 2345 XII
960 2281 1026 2346 tab.
1054 2282 1143 2347 iubet
1166 2303 1257 2362 eum,
1281 2281 1337 2365 qui

152 2386 281 2453 hostem
304 2386 514 2452 concitaverit
534 2386 630 2470 quive
652 2387 754 2452 civem
775 2386 863 2451 hosti
883 2386 1068 2468 tradiderit,
1091 2387 1194 2472 capite
1216 2386 1336 2470 puniri.-

241 2492 274 2557 6.
319 2491 492 2557 Solutonue
515 2490 565 2576 (de
577 2493 704 2574 pubere.
728 2491 778 2557 dei
793 2492 876 2576 8,5):
898 2490 1041 2557 Interfici
1059 2491 1336 2557 -indemnatum

155 2618 377 2682 quemcunque
398 2597 562 2692 hominem
585 2596 683 2661 etiam
705 2594 770 2662 XII
792 2595 976 2661 tabularum
1000 2596 1125 2662 decreta
1153 2599 1335 2662 vetuerunt.

224 2830 314 2879 VIIII.
334 2831 357 2878 1.
377 2832 401 2878 2.
438 2822 492 2877 uic.
512 2822 540 2894 (l.
559 2822 605 2894 c-l:
633 2832 664 2879 In
682 2831 789 2892 privatos
808 2829 917 2877 homines
939 2832 1007 2889 leges
1025 2831 1084 2878 ferri
1101 2833 1239 2890 noluerunt,
1257 2831 1282 2876 id
1301 2834 1338 2877 est

154 2919 218 2966 emm
236 2918 400 2980 pririlegium,
419 2930 466 2979 quo
485 2918 543 2981 quid
562 2922 602 2965 eet
619 2919 739 2976 tuluetius,
758 2933 812 2966 oum
829 2921 891 2978 legis
909 2919 971 2967 haee
988 2920 1025 2966 vie
1044 2920 1084 2976 eit,
1102 2920 1191 2966 scitum
1210 2922 1236 2965 et
1246 2920 1338 2966 iussum

154 3009 180 3056 ia
197 3021 291 3055 omues.
328 3007 396 3054 Ferri
413 3007 445 3053 de
463 3007 565 3066 stragulis
585 2999 687 3070 [munit
704 3015 758 3054 esee
775 3008 805 3053 de
823 3007 904 3069 eapite
922 3008 981 3054 alvis
1000 3007 1047 3053 Iu.
1063 2985 1108 3070 ld]
1130 3007 1177 3054 ulei
1195 3007 1338 3053 centurione

155 3097 258 3144 eomitiie
277 3096 420 3153 noluerunt;
450 3095 586 3157 discriptus*
611 3089 662 3158 [sie
678 3105 744 3157 scm,
768 3096 902 3158 descriptus
922 3088 987 3142 libri
1012 3096 1059 3142 Tu.
1078 3088 1125 3158 Μ.]
1154 3096 1218 3142 enim
1235 3097 1339 3156 populus
1389 3078 1394 3103 ¹

156 3197 237 3242 censu,
256 3183 389 3240 ordinibus,
408 3183 540 3242 aetatibus,
562 3184 616 3247 plus
634 3184 736 3230 adhibet
754 3184 786 3230 ad
805 3183 948 3242 suffragium
967 3183 1068 3240 consilii,
1086 3196 1160 3245 quam
1178 3182 1232 3228 que
1251 3181 1275 3226 in
1296 3181 1339 3227 tri·

155 3272 199 3320 bue
216 3273 374 3320 convocatus.
410 3261 463 3316 Ode.
489 3263 529 3334 (p.
549 3262 616 3319 Sese.
635 3263 698 3333 30).·
727 3285 781 3318 enm
800 3275 825 3317 et
843 3271 945 3318 sacratu
963 3270 1059 3330 legibue
1078 3274 1104 3315 et
1122 3269 1173 3316 XII
1185 3269 1238 3316 tab.
1258 3268 1337 3314 sanci·

155 3363 207 3407 tam
224 3363 299 3417 esset,
318 3364 347 3406 ut
365 3371 444 3421 neque
461 3358 615 3419 priuilegium
632 3357 735 3417 irrogari
753 3359 846 3415 liceret,
864 3371 944 3421 neque
962 3357 1085 3419 decapite
1104 3357 1150 3402 nisi
1168 3355 1271 3402 comitiis
1283 3368 1338 3400 een-

155 3449 253 3496 tustatie
270 3446 356 3506 >rogari
374 3444 421 3493 eet.
458 3438 511 3493 (lic.
540 3438 583 3510 (de
601 3438 755 3509 duu017):
784 3448 871 3492 vetant
889 3445 941 3491 XII
959 3443 1011 3492 tab.
1030 3447 1097 3504 leges
1115 3444 1217 3506 prIvatIe
1235 3441 1339 3488 homiui-

154 3535 198 3584 bus
215 3537 328 3596 irrogari,
347 3535 372 3581 id
390 3539 428 3581 eet
446 3535 511 3581 enim
529 3534 691 3596 privilegium.
729 3525 783 3581 Oe'c.
802 3524 910 3593 (decep.
929 3525 1019 3595 2,36):
1045 3535 1099 3579 laus
1117 3536 1155 3578 est
1176 3554 1208 3563 -
1230 3528 1255 3577 0.
1280 3529 1339 3575 Iulii

156 3618 295 3688 (Xuirda.
314 3616 361 3687 II)
378 3646 413 3658 ·-
431 3624 497 3686 quod
516 3638 542 3670 ee
561 3625 641 3683 legem
658 3623 728 3670 illam
747 3647 780 3656 -
798 3624 966 3681 neglecturum
985 3624 1101 3682 negaret,
1127 3633 1191 3680 quae
1210 3618 1240 3664 de
1259 3617 1339 3676 eapite

156 3714 214 3762 sirie
232 3713 303 3760 Rom
321 3711 370 3760 nisi
388 3711 491 3760 comitiis
508 3711 651 3758 centuriatis
670 3711 746 3757 statui
764 3712 869 3758 vetaret.

225 3805 251 3850 3.
289 3801 321 3849 ab
339 3814 391 3847 rem
408 3800 537 3848 dicendam
556 3790 640 3847 Gellii
656 3791 728 3846 turi.

224 3892 252 3937 4.
290 3879 334 3950 Os.
354 3879 428 3940 Fert.
447 3887 602 3942 Quaestoree.
631 3887 733 3934 Parrioi.

224 3979 250 4028 e.
285 3968 413 4025 surana·
430 3969 517 4024 torena
534 3967 683 4023 Sctoellius
701 3966 741 4038 (p.
759 3966 804 4035 58)
823 3965 861 4019 ad
877 3965 1051 4020 torne'cidium
1070 3964 1144 4034 (8‚24
1161 3960 1186 4031 e)
1203 3959 1335 4028 pertenere

156 4064 249 4128 pedat,
276 4065 444 4113 indemnatum
469 4057 623 4127 iutellepene
640 4057 773 4125 rumperem
790 4059 816 4109 et
839 4054 966 4122 leberum3
994 4052 1060 4106 Iocis
1077 4056 1167 4105 autern
1188 4063 1272 4116 supro
1298 4045 1338 4100 ol·

159 4145 219 4202 aaa
241 4145 376 4202 audeam
397 4145 544 4215 probatur,
568 4145 662 4214 potius
685 4142 717 4196 de
733 4142 866 4212 supplicio
883 4140 1011 4197 manendo
1029 4140 1073 4194 tic
1090 4139 1143 4208 opi.
1182 4134 1227 4204 Cf.
1251 4133 1339 4188 Voler.

160 4233 233 4291 Max.
254 4235 319 4307 (7‚2,
339 4239 390 4290 eut.
410 4233 465 4304 15):
493 4243 560 4300 leges
579 4239 684 4300 Lycurgi
702 4261 737 4272 -
755 4239 785 4284 de
803 4237 949 4285 indemnatis
968 4234 1113 4297 supplicium
1130 4231 1194 4279 sumi
1211 4228 1338 4277 vetabant.

165 4321 248 4382 Vellei.
270 4320 370 4395 (2‚45)=
398 4327 496 4376 clodius
524 4329 657 4386 -legem
676 4326 798 4382 -tulit,
829 4326 871 4387 qui
892 4326 970 4372 civem
993 4324 1062 4369 Rom.
1080 4320 1248 4367 indemnatum
1266 4318 1341 4363 inter·

161 4420 263 4478 emisset,
290 4420 442 4481 elaqueat
460 4416 512 4474 iqui
529 4415 722 4474 interdiceretur,
741 4413 809 4461 ouius
827 4412 910 4462 verbis
928 4413 977 4460 etel
994 4424 1041 4459 uon
1059 4406 1231 4459 nominabatur
1248 4403 1339 4462 orooro,

191 4524 287 4589 Bevus,
305 4523 396 4573 Fontes
415 4523 482 4572 iuris.
507 4521 553 4576 nd.
572 4520 603 4570 V.
