<?xml version="1.0" encoding="UTF-8"?>
<!DOCTYPE html PUBLIC "-//W3C//DTD XHTML 1.0 Transitional//EN"
    "http://www.w3.org/TR/xhtml1/DTD/xhtml1-transitional.dtd">
<html xmlns="http://www.w3.org/1999/xhtml" xml:lang="en" lang="en">
 <head>
  <title>
</title>
<meta http-equiv="Content-Type" content="text/html;charset=utf-8" />
  <meta name='ocr-system' content='tesseract 3.04.00' />
  <meta name='ocr-capabilities' content='ocr_page ocr_carea ocr_par ocr_line ocrx_word'/>
</head>
<body>
  <div class='ocr_page' id='page_1' title='image "./fontesiurisroma00brungoog_0382.png"; bbox 0 0 2940 4996; ppageno 0'>
   <div class='ocr_carea' id='block_1_1' title="bbox 141 257 778 348">
    <p class='ocr_par' dir='ltr' id='par_1_1' title="bbox 141 257 778 348">
     <span class='ocr_line' id='line_1_1' title="bbox 141 257 778 348; baseline 0.003 -17"><span class='ocrx_word' id='word_1_1' title='bbox 141 284 204 348; x_wconf 75' lang='lat'>360</span> <span class='ocrx_word' id='word_1_2' title='bbox 564 257 567 261; x_wconf 27' lang='lat'>¹</span> <span class='ocrx_word' id='word_1_3' title='bbox 672 277 778 333; x_wconf 77' lang='lat' dir='ltr'><strong>Festus.</strong></span> 
     </span>
    </p>
   </div>
   <div class='ocr_carea' id='block_1_2' title="bbox 139 452 1339 3790">
    <p class='ocr_par' dir='ltr' id='par_1_2' title="bbox 139 452 1328 645">
     <span class='ocr_line' id='line_1_2' title="bbox 140 452 1328 543; baseline 0 -21"><span class='ocrx_word' id='word_1_4' title='bbox 140 457 304 523; x_wconf 80' lang='lat' dir='ltr'>Radere</span> <span class='ocrx_word' id='word_1_5' title='bbox 333 456 448 543; x_wconf 83' lang='lat' dir='ltr'>ge[aos</span> <span class='ocrx_word' id='word_1_6' title='bbox 470 455 595 520; x_wconf 81' lang='lat' dir='ltr'>uetitum</span> <span class='ocrx_word' id='word_1_7' title='bbox 618 459 661 521; x_wconf 82' lang='lat' dir='ltr'>est</span> <span class='ocrx_word' id='word_1_8' title='bbox 682 455 729 539; x_wconf 79' lang='lat' dir='ltr'>ia]</span> <span class='ocrx_word' id='word_1_9' title='bbox 753 454 824 540; x_wconf 81' lang='lat' dir='ltr'>lege</span> <span class='ocrx_word' id='word_1_10' title='bbox 846 452 936 535; x_wconf 86' lang='lat' dir='ltr'>Xll¹,</span> <span class='ocrx_word' id='word_1_11' title='bbox 959 454 992 520; x_wconf 89' lang='lat' dir='ltr'>id</span> <span class='ocrx_word' id='word_1_12' title='bbox 1011 459 1059 520; x_wconf 88' lang='lat' dir='ltr'>est</span> <span class='ocrx_word' id='word_1_13' title='bbox 1074 457 1239 542; x_wconf 83' lang='lat' dir='ltr'>unguibus</span> <span class='ocrx_word' id='word_1_14' title='bbox 1261 458 1328 542; x_wconf 85' lang='lat' dir='ltr'>[to-</span> 
     </span>
     <span class='ocr_line' id='line_1_3' title="bbox 139 559 574 645; baseline -0.016 -15"><span class='ocrx_word' id='word_1_15' title='bbox 139 585 243 630; x_wconf 80' lang='lat' dir='ltr'>ocrore</span> <span class='ocrx_word' id='word_1_16' title='bbox 264 561 389 645; x_wconf 65' lang='grc'>000180).</span> <span class='ocrx_word' id='word_1_17' title='bbox 434 559 474 624; x_wconf 90' lang='lat' dir='ltr'>F.</span> <span class='ocrx_word' id='word_1_18' title='bbox 498 565 574 625; x_wconf 84' lang='grc'><em>273.</em></span> 
     </span>
    </p>

    <p class='ocr_par' dir='ltr' id='par_1_3' title="bbox 140 665 1339 1590">
     <span class='ocr_line' id='line_1_4' title="bbox 140 665 1339 753; baseline -0.001 -20"><span class='ocrx_word' id='word_1_19' title='bbox 140 668 253 753; x_wconf 90' lang='lat' dir='ltr'>Rapi</span> <span class='ocrx_word' id='word_1_20' title='bbox 285 667 454 732; x_wconf 88' lang='lat' dir='ltr'>simulatur</span> <span class='ocrx_word' id='word_1_21' title='bbox 478 665 570 751; x_wconf 82' lang='lat' dir='ltr'>virgo</span> <span class='ocrx_word' id='word_1_22' title='bbox 601 687 639 729; x_wconf 85' lang='lat' dir='ltr'>ex</span> <span class='ocrx_word' id='word_1_23' title='bbox 662 665 783 750; x_wconf 85' lang='lat' dir='ltr'>gremio</span> <span class='ocrx_word' id='word_1_24' title='bbox 807 665 938 743; x_wconf 87' lang='lat' dir='ltr'>matris,</span> <span class='ocrx_word' id='word_1_25' title='bbox 972 668 1038 744; x_wconf 91' lang='lat' dir='ltr'>aut,</span> <span class='ocrx_word' id='word_1_26' title='bbox 1068 665 1095 730; x_wconf 90' lang='lat' dir='ltr'>si</span> <span class='ocrx_word' id='word_1_27' title='bbox 1118 688 1157 730; x_wconf 87' lang='lat' dir='ltr'>ea</span> <span class='ocrx_word' id='word_1_28' title='bbox 1179 689 1245 731; x_wconf 92' lang='lat' dir='ltr'>non</span> <span class='ocrx_word' id='word_1_29' title='bbox 1267 673 1339 750; x_wconf 51' lang='lat' dir='ltr'>est,</span> 
     </span>
     <span class='ocr_line' id='line_1_5' title="bbox 142 769 1339 857; baseline 0.001 -20"><span class='ocrx_word' id='word_1_30' title='bbox 142 796 179 837; x_wconf 84' lang='lat' dir='ltr'>ex</span> <span class='ocrx_word' id='word_1_31' title='bbox 203 772 350 857; x_wconf 89' lang='lat' dir='ltr'>proxima</span> <span class='ocrx_word' id='word_1_32' title='bbox 372 770 614 849; x_wconf 72' lang='lat' dir='ltr'>necessitudine,</span> <span class='ocrx_word' id='word_1_33' title='bbox 643 771 778 835; x_wconf 86' lang='lat' dir='ltr'>eumad</span> <span class='ocrx_word' id='word_1_34' title='bbox 804 771 909 834; x_wconf 83' lang='lat' dir='ltr'>virum</span> <span class='ocrx_word' id='word_1_35' title='bbox 931 769 1099 850; x_wconf 62' lang='lat' dir='ltr'>traditurl,</span> <span class='ocrx_word' id='word_1_36' title='bbox 1123 774 1211 856; x_wconf 90' lang='lat' dir='ltr'>quod</span> <span class='ocrx_word' id='word_1_37' title='bbox 1238 774 1339 838; x_wconf 84' lang='lat' dir='ltr'>vide-</span> 
     </span>
     <span class='ocr_line' id='line_1_6' title="bbox 144 872 1205 958; baseline 0.001 -18"><span class='ocrx_word' id='word_1_38' title='bbox 144 877 220 941; x_wconf 89' lang='lat' dir='ltr'>licet</span> <span class='ocrx_word' id='word_1_39' title='bbox 244 898 281 940; x_wconf 89' lang='lat' dir='ltr'>ea</span> <span class='ocrx_word' id='word_1_40' title='bbox 303 897 353 940; x_wconf 87' lang='lat' dir='ltr'>res</span> <span class='ocrx_word' id='word_1_41' title='bbox 374 874 512 939; x_wconf 86' lang='lat' dir='ltr'>feliciter</span> <span class='ocrx_word' id='word_1_42' title='bbox 534 872 672 938; x_wconf 84' lang='lat' dir='ltr'>Romulo</span> <span class='ocrx_word' id='word_1_43' title='bbox 694 875 798 940; x_wconf 89' lang='lat' dir='ltr'>cessit.</span> <span class='ocrx_word' id='word_1_44' title='bbox 844 874 883 938; x_wconf 98' lang='lat' dir='ltr'>F.</span> <span class='ocrx_word' id='word_1_45' title='bbox 907 880 984 940; x_wconf 86' lang='grc'><em>289.</em></span> <span class='ocrx_word' id='word_1_46' title='bbox 1031 876 1086 956; x_wconf 94' lang='lat' dir='ltr'>(P.</span> <span class='ocrx_word' id='word_1_47' title='bbox 1108 880 1205 958; x_wconf 85' lang='grc'><em>288.)</em></span> 
     </span>
     <span class='ocr_line' id='line_1_7' title="bbox 143 977 1339 1066; baseline 0.001 -20"><span class='ocrx_word' id='word_1_48' title='bbox 143 979 446 1065; x_wconf 84' lang='lat' dir='ltr'>Recepticium</span> <span class='ocrx_word' id='word_1_49' title='bbox 475 1001 601 1043; x_wconf 78' lang='lat' dir='ltr'>serrum</span> <span class='ocrx_word' id='word_1_50' title='bbox 625 977 704 1042; x_wconf 81' lang='lat' dir='ltr'>Cato</span> <span class='ocrx_word' id='word_1_51' title='bbox 736 980 770 1042; x_wconf 90' lang='lat' dir='ltr'>in</span> <span class='ocrx_word' id='word_1_52' title='bbox 793 979 940 1044; x_wconf 84' lang='lat' dir='ltr'>suasione</span> <span class='ocrx_word' id='word_1_53' title='bbox 962 980 1042 1066; x_wconf 87' lang='lat' dir='ltr'>legis</span> <span class='ocrx_word' id='word_1_54' title='bbox 1065 978 1232 1047; x_wconf 83' lang='lat' dir='ltr'>Voconiae</span> <span class='ocrx_word' id='word_1_55' title='bbox 1254 1006 1339 1055; x_wconf 60' lang='lat' dir='ltr'>curt</span> 
     </span>
     <span class='ocr_line' id='line_1_8' title="bbox 144 1084 1339 1169; baseline 0.001 -18"><span class='ocrx_word' id='word_1_56' title='bbox 144 1087 200 1166; x_wconf 88' lang='lat' dir='ltr'>ait,</span> <span class='ocrx_word' id='word_1_57' title='bbox 224 1085 393 1169; x_wconf 81' lang='lat' dir='ltr'>significat,</span> <span class='ocrx_word' id='word_1_58' title='bbox 418 1085 474 1169; x_wconf 93' lang='lat' dir='ltr'>qui</span> <span class='ocrx_word' id='word_1_59' title='bbox 496 1085 537 1148; x_wconf 93' lang='lat' dir='ltr'>ob</span> <span class='ocrx_word' id='word_1_60' title='bbox 561 1084 677 1148; x_wconf 84' lang='lat' dir='ltr'>vitium</span> <span class='ocrx_word' id='word_1_61' title='bbox 699 1084 876 1149; x_wconf 69' lang='lat' dir='ltr'>redhibitus</span> <span class='ocrx_word' id='word_1_62' title='bbox 898 1085 959 1149; x_wconf 89' lang='lat' dir='ltr'>sit:</span> <span class='ocrx_word' id='word_1_63' title='bbox 983 1086 1049 1150; x_wconf 88' lang='lat' dir='ltr'>‘ubi</span> <span class='ocrx_word' id='word_1_64' title='bbox 1064 1086 1149 1150; x_wconf 86' lang='lat' dir='ltr'>irata</span> <span class='ocrx_word' id='word_1_65' title='bbox 1165 1087 1253 1152; x_wconf 87' lang='lat' dir='ltr'>facta</span> <span class='ocrx_word' id='word_1_66' title='bbox 1269 1094 1339 1161; x_wconf 63' lang='lat' dir='ltr'>esst</span> 
     </span>
     <span class='ocr_line' id='line_1_9' title="bbox 145 1189 1339 1276; baseline 0.002 -20"><span class='ocrx_word' id='word_1_67' title='bbox 145 1213 271 1256; x_wconf 89' lang='lat' dir='ltr'>servum</span> <span class='ocrx_word' id='word_1_68' title='bbox 294 1189 498 1274; x_wconf 75' lang='lat' dir='ltr'>recepticium</span> <span class='ocrx_word' id='word_1_69' title='bbox 521 1190 635 1253; x_wconf 88' lang='lat' dir='ltr'>sectari</span> <span class='ocrx_word' id='word_1_70' title='bbox 658 1193 755 1273; x_wconf 87' lang='lat' dir='ltr'>atque</span> <span class='ocrx_word' id='word_1_71' title='bbox 770 1190 919 1276; x_wconf 84' lang='lat' dir='ltr'>flagitare</span> <span class='ocrx_word' id='word_1_72' title='bbox 933 1191 1039 1255; x_wconf 79' lang='lat' dir='ltr'>virum</span> <span class='ocrx_word' id='word_1_73' title='bbox 1054 1192 1166 1256; x_wconf 65' lang='lat' dir='ltr'>iubet!</span> <span class='ocrx_word' id='word_1_74' title='bbox 1190 1193 1231 1257; x_wconf 90' lang='lat' dir='ltr'>F.</span> <span class='ocrx_word' id='word_1_75' title='bbox 1245 1200 1339 1268; x_wconf 69' lang='grc' dir='ltr'><em>28Ξ</em></span> 
     </span>
     <span class='ocr_line' id='line_1_10' title="bbox 144 1295 1339 1380; baseline 0 -20"><span class='ocrx_word' id='word_1_76' title='bbox 144 1296 373 1361; x_wconf 86' lang='lat' dir='ltr'>Recinium</span> <span class='ocrx_word' id='word_1_77' title='bbox 397 1317 490 1359; x_wconf 92' lang='lat' dir='ltr'>omne</span> <span class='ocrx_word' id='word_1_78' title='bbox 505 1295 731 1359; x_wconf 83' lang='lat' dir='ltr'>vestimentum</span> <span class='ocrx_word' id='word_1_79' title='bbox 754 1296 944 1377; x_wconf 85' lang='lat' dir='ltr'>quadratum</span> <span class='ocrx_word' id='word_1_80' title='bbox 966 1295 1017 1373; x_wconf 79' lang='lat' dir='ltr'>ii·⁰¹,</span> <span class='ocrx_word' id='word_1_81' title='bbox 1043 1297 1098 1380; x_wconf 91' lang='lat' dir='ltr'>qui</span> <span class='ocrx_word' id='word_1_82' title='bbox 1121 1296 1203 1362; x_wconf 73' lang='grc' dir='ltr'>ΧΠ4</span> <span class='ocrx_word' id='word_1_83' title='bbox 1228 1298 1339 1370; x_wconf 51' lang='lat' dir='ltr'>inte}</span> 
     </span>
     <span class='ocr_line' id='line_1_11' title="bbox 146 1398 1339 1486; baseline 0 -20"><span class='ocrx_word' id='word_1_84' title='bbox 146 1401 264 1486; x_wconf 89' lang='lat' dir='ltr'>pretati</span> <span class='ocrx_word' id='word_1_85' title='bbox 288 1404 372 1480; x_wconf 88' lang='lat' dir='ltr'>sunt,</span> <span class='ocrx_word' id='word_1_86' title='bbox 397 1422 463 1464; x_wconf 90' lang='lat' dir='ltr'>esse</span> <span class='ocrx_word' id='word_1_87' title='bbox 486 1399 651 1464; x_wconf 84' lang='lat' dir='ltr'>dixerunt:</span> <span class='ocrx_word' id='word_1_88' title='bbox 678 1398 812 1464; x_wconf 88' lang='lat' dir='ltr'>Verrius</span> <span class='ocrx_word' id='word_1_89' title='bbox 835 1404 955 1484; x_wconf 84' lang='lat' dir='ltr'>togam,</span> <span class='ocrx_word' id='word_1_90' title='bbox 978 1422 1042 1484; x_wconf 93' lang='lat' dir='ltr'>qua</span> <span class='ocrx_word' id='word_1_91' title='bbox 1064 1403 1234 1468; x_wconf 79' lang='lat' dir='ltr'>mulieres⁶</span> <span class='ocrx_word' id='word_1_92' title='bbox 1257 1407 1339 1478; x_wconf 62' lang='lat' dir='ltr'>atq</span> 
     </span>
     <span class='ocr_line' id='line_1_12' title="bbox 145 1504 999 1590; baseline -0.002 -19"><span class='ocrx_word' id='word_1_93' title='bbox 145 1508 273 1586; x_wconf 88' lang='lat' dir='ltr'>bantur,</span> <span class='ocrx_word' id='word_1_94' title='bbox 296 1504 511 1590; x_wconf 79' lang='lat' dir='ltr'>praetextam⁶</span> <span class='ocrx_word' id='word_1_95' title='bbox 535 1504 624 1568; x_wconf 85' lang='lat' dir='ltr'>olavo</span> <span class='ocrx_word' id='word_1_96' title='bbox 646 1526 814 1588; x_wconf 88' lang='lat' dir='ltr'>purpureo.</span> <span class='ocrx_word' id='word_1_97' title='bbox 862 1504 900 1568; x_wconf 92' lang='lat' dir='ltr'>F.</span> <span class='ocrx_word' id='word_1_98' title='bbox 923 1510 999 1569; x_wconf 83' lang='grc'><em>274.</em></span> 
     </span>
    </p>

    <p class='ocr_par' dir='ltr' id='par_1_4' title="bbox 144 1608 1339 2010">
     <span class='ocr_line' id='line_1_13' title="bbox 144 1608 1339 1698; baseline 0.003 -21"><span class='ocrx_word' id='word_1_99' title='bbox 144 1610 424 1695; x_wconf 89' lang='lat' dir='ltr'>Reciperatio</span> <span class='ocrx_word' id='word_1_100' title='bbox 448 1614 512 1689; x_wconf 91' lang='lat' dir='ltr'>est,</span> <span class='ocrx_word' id='word_1_101' title='bbox 544 1613 581 1673; x_wconf 89' lang='lat' dir='ltr'>ut</span> <span class='ocrx_word' id='word_1_102' title='bbox 604 1609 650 1673; x_wconf 89' lang='lat' dir='ltr'>ait</span> <span class='ocrx_word' id='word_1_103' title='bbox 673 1608 783 1673; x_wconf 78' lang='lat' dir='ltr'>Gallus</span> <span class='ocrx_word' id='word_1_104' title='bbox 806 1608 936 1689; x_wconf 87' lang='lat' dir='ltr'>Aelius,</span> <span class='ocrx_word' id='word_1_105' title='bbox 967 1632 1039 1675; x_wconf 90' lang='lat' dir='ltr'>cum</span> <span class='ocrx_word' id='word_1_106' title='bbox 1062 1613 1148 1678; x_wconf 90' lang='lat' dir='ltr'>inter</span> <span class='ocrx_word' id='word_1_107' title='bbox 1170 1612 1339 1698; x_wconf 67' lang='lat' dir='ltr'>populun]</span> 
     </span>
     <span class='ocr_line' id='line_1_14' title="bbox 145 1714 1336 1801; baseline -0.003 -19"><span class='ocrx_word' id='word_1_108' title='bbox 145 1721 176 1782; x_wconf 91' lang='lat' dir='ltr'>et</span> <span class='ocrx_word' id='word_1_109' title='bbox 200 1738 290 1801; x_wconf 84' lang='lat' dir='ltr'>reges</span> <span class='ocrx_word' id='word_1_110' title='bbox 312 1717 520 1800; x_wconf 84' lang='lat' dir='ltr'>nationesque</span> <span class='ocrx_word' id='word_1_111' title='bbox 543 1719 575 1779; x_wconf 90' lang='lat' dir='ltr'>et</span> <span class='ocrx_word' id='word_1_112' title='bbox 598 1714 743 1779; x_wconf 86' lang='lat' dir='ltr'>civitates</span> <span class='ocrx_word' id='word_1_113' title='bbox 767 1715 951 1801; x_wconf 86' lang='lat' dir='ltr'>peregrinas</span> <span class='ocrx_word' id='word_1_114' title='bbox 975 1715 1025 1780; x_wconf 88' lang='lat' dir='ltr'>lex</span> <span class='ocrx_word' id='word_1_115' title='bbox 1048 1718 1215 1797; x_wconf 82' lang='lat' dir='ltr'>convenit,</span> <span class='ocrx_word' id='word_1_116' title='bbox 1247 1741 1336 1801; x_wconf 83' lang='lat' dir='ltr'>quo.</span> 
     </span>
     <span class='ocr_line' id='line_1_15' title="bbox 144 1820 1329 1912; baseline 0.002 -26"><span class='ocrx_word' id='word_1_117' title='bbox 144 1822 237 1886; x_wconf 88' lang='lat' dir='ltr'>modo</span> <span class='ocrx_word' id='word_1_118' title='bbox 267 1844 324 1905; x_wconf 89' lang='lat' dir='ltr'>per</span> <span class='ocrx_word' id='word_1_119' title='bbox 354 1822 579 1906; x_wconf 88' lang='lat' dir='ltr'>reciperatores</span> <span class='ocrx_word' id='word_1_120' title='bbox 609 1820 784 1884; x_wconf 88' lang='lat' dir='ltr'>reddantur</span> <span class='ocrx_word' id='word_1_121' title='bbox 815 1843 864 1884; x_wconf 88' lang='lat' dir='ltr'>res</span> <span class='ocrx_word' id='word_1_122' title='bbox 892 1822 1182 1907; x_wconf 85' lang='lat' dir='ltr'>reciperenturque,</span> <span class='ocrx_word' id='word_1_123' title='bbox 1215 1846 1329 1912; x_wconf 71' lang='lat' dir='ltr'>resque</span> 
     </span>
     <span class='ocr_line' id='line_1_16' title="bbox 144 1924 897 2010; baseline -0.004 -19"><span class='ocrx_word' id='word_1_124' title='bbox 144 1927 287 2010; x_wconf 89' lang='lat' dir='ltr'>privatas</span> <span class='ocrx_word' id='word_1_125' title='bbox 310 1926 395 1990; x_wconf 90' lang='lat' dir='ltr'>inter</span> <span class='ocrx_word' id='word_1_126' title='bbox 417 1949 449 1991; x_wconf 92' lang='lat' dir='ltr'>se</span> <span class='ocrx_word' id='word_1_127' title='bbox 471 1929 713 2009; x_wconf 88' lang='lat' dir='ltr'>persequantur.</span> <span class='ocrx_word' id='word_1_128' title='bbox 758 1924 797 1988; x_wconf 91' lang='lat' dir='ltr'>F.</span> <span class='ocrx_word' id='word_1_129' title='bbox 820 1930 897 1990; x_wconf 80' lang='grc'><em>274.</em></span> 
     </span>
    </p>

    <p class='ocr_par' dir='ltr' id='par_1_5' title="bbox 145 2029 1314 2223">
     <span class='ocr_line' id='line_1_17' title="bbox 145 2029 1314 2121; baseline 0.005 -26"><span class='ocrx_word' id='word_1_130' title='bbox 145 2029 432 2115; x_wconf 85' lang='lat' dir='ltr'>Reciprocare</span> <span class='ocrx_word' id='word_1_131' title='bbox 464 2053 524 2114; x_wconf 96' lang='lat' dir='ltr'>pro</span> <span class='ocrx_word' id='word_1_132' title='bbox 552 2031 648 2094; x_wconf 87' lang='lat' dir='ltr'>‘ultro</span> <span class='ocrx_word' id='word_1_133' title='bbox 681 2031 824 2115; x_wconf 90' lang='lat' dir='ltr'>citroque</span> <span class='ocrx_word' id='word_1_134' title='bbox 846 2034 983 2115; x_wconf 82' lang='lat' dir='ltr'>poscere&#39;</span> <span class='ocrx_word' id='word_1_135' title='bbox 1015 2034 1066 2097; x_wconf 91' lang='lat' dir='ltr'>usi</span> <span class='ocrx_word' id='word_1_136' title='bbox 1089 2039 1166 2099; x_wconf 89' lang='lat' dir='ltr'>sunt</span> <span class='ocrx_word' id='word_1_137' title='bbox 1189 2035 1314 2121; x_wconf 83' lang='lat' dir='ltr'>antiqui,</span> 
     </span>
     <span class='ocr_line' id='line_1_18' title="bbox 145 2135 1085 2223; baseline 0 -22"><span class='ocrx_word' id='word_1_138' title='bbox 145 2139 221 2223; x_wconf 88' lang='lat' dir='ltr'>quia</span> <span class='ocrx_word' id='word_1_139' title='bbox 243 2159 374 2221; x_wconf 85' lang='lat' dir='ltr'>procare</span> <span class='ocrx_word' id='word_1_140' title='bbox 398 2140 446 2201; x_wconf 90' lang='lat' dir='ltr'>est</span> <span class='ocrx_word' id='word_1_141' title='bbox 468 2159 604 2221; x_wconf 88' lang='lat' dir='ltr'>poscere.</span> <span class='ocrx_word' id='word_1_142' title='bbox 651 2136 690 2200; x_wconf 95' lang='lat' dir='ltr'>F.</span> <span class='ocrx_word' id='word_1_143' title='bbox 714 2142 789 2202; x_wconf 80' lang='grc'><em>274.</em></span> <span class='ocrx_word' id='word_1_144' title='bbox 836 2135 901 2221; x_wconf 81' lang='lat' dir='ltr'>(Cf.</span> <span class='ocrx_word' id='word_1_145' title='bbox 925 2137 1085 2220; x_wconf 79' lang='lat' dir='ltr'>Pronum.)</span> 
     </span>
    </p>

    <p class='ocr_par' dir='ltr' id='par_1_6' title="bbox 145 2242 1304 3146">
     <span class='ocr_line' id='line_1_19' title="bbox 145 2242 1304 2327; baseline 0.004 -21"><span class='ocrx_word' id='word_1_146' title='bbox 145 2242 295 2307; x_wconf 89' lang='lat' dir='ltr'>Redem</span> <span class='ocrx_word' id='word_1_147' title='bbox 305 2245 446 2324; x_wconf 88' lang='lat' dir='ltr'>ptores</span> <span class='ocrx_word' id='word_1_148' title='bbox 468 2243 597 2326; x_wconf 90' lang='lat' dir='ltr'>proprie</span> <span class='ocrx_word' id='word_1_149' title='bbox 621 2247 717 2326; x_wconf 92' lang='lat' dir='ltr'>atque</span> <span class='ocrx_word' id='word_1_150' title='bbox 734 2243 869 2327; x_wconf 92' lang='lat' dir='ltr'>antiqua</span> <span class='ocrx_word' id='word_1_151' title='bbox 884 2244 1112 2310; x_wconf 86' lang='lat' dir='ltr'>consuetudine</span> <span class='ocrx_word' id='word_1_152' title='bbox 1127 2246 1304 2326; x_wconf 87' lang='lat' dir='ltr'>dicebantur,</span> 
     </span>
     <span class='ocr_line' id='line_1_20' title="bbox 145 2346 1300 2432; baseline 0.003 -21"><span class='ocrx_word' id='word_1_153' title='bbox 145 2348 210 2432; x_wconf 89' lang='lat' dir='ltr'>qui,</span> <span class='ocrx_word' id='word_1_154' title='bbox 234 2369 306 2411; x_wconf 90' lang='lat' dir='ltr'>cum</span> <span class='ocrx_word' id='word_1_155' title='bbox 329 2346 405 2431; x_wconf 92' lang='lat' dir='ltr'>quid</span> <span class='ocrx_word' id='word_1_156' title='bbox 428 2347 553 2430; x_wconf 89' lang='lat' dir='ltr'>publice</span> <span class='ocrx_word' id='word_1_157' title='bbox 572 2347 753 2412; x_wconf 86' lang='lat' dir='ltr'>faciendum</span> <span class='ocrx_word' id='word_1_158' title='bbox 769 2347 842 2412; x_wconf 87' lang='lat' dir='ltr'>aut⁷</span> <span class='ocrx_word' id='word_1_159' title='bbox 857 2350 1074 2432; x_wconf 87' lang='lat' dir='ltr'>praebendum</span> <span class='ocrx_word' id='word_1_160' title='bbox 1090 2351 1300 2416; x_wconf 82' lang='lat' dir='ltr'>conduxerant⁸</span> 
     </span>
     <span class='ocr_line' id='line_1_21' title="bbox 146 2452 1299 2540; baseline 0.001 -24"><span class='ocrx_word' id='word_1_161' title='bbox 146 2453 385 2535; x_wconf 89' lang='lat' dir='ltr'>effecerantque,</span> <span class='ocrx_word' id='word_1_162' title='bbox 409 2456 478 2516; x_wconf 90' lang='lat' dir='ltr'>tum</span> <span class='ocrx_word' id='word_1_163' title='bbox 503 2452 628 2516; x_wconf 88' lang='lat' dir='ltr'>demum</span> <span class='ocrx_word' id='word_1_164' title='bbox 652 2454 802 2536; x_wconf 89' lang='lat' dir='ltr'>pecunias</span> <span class='ocrx_word' id='word_1_165' title='bbox 819 2453 1030 2538; x_wconf 91' lang='lat' dir='ltr'>accipiebant;</span> <span class='ocrx_word' id='word_1_166' title='bbox 1054 2478 1131 2520; x_wconf 90' lang='lat' dir='ltr'>nam</span> <span class='ocrx_word' id='word_1_167' title='bbox 1148 2456 1299 2540; x_wconf 89' lang='lat' dir='ltr'>antiquitus</span> 
     </span>
     <span class='ocr_line' id='line_1_22' title="bbox 146 2558 1296 2642; baseline 0 -20"><span class='ocrx_word' id='word_1_168' title='bbox 146 2580 250 2622; x_wconf 88' lang='lat' dir='ltr'>emere</span> <span class='ocrx_word' id='word_1_169' title='bbox 272 2579 331 2640; x_wconf 91' lang='lat' dir='ltr'>pro</span> <span class='ocrx_word' id='word_1_170' title='bbox 355 2558 497 2640; x_wconf 89' lang='lat' dir='ltr'>accipere</span> <span class='ocrx_word' id='word_1_171' title='bbox 519 2558 705 2641; x_wconf 88' lang='lat' dir='ltr'>ponebatur.</span> <span class='ocrx_word' id='word_1_172' title='bbox 753 2558 799 2623; x_wconf 91' lang='lat' dir='ltr'>At</span> <span class='ocrx_word' id='word_1_173' title='bbox 821 2559 856 2622; x_wconf 94' lang='lat' dir='ltr'>hi</span> <span class='ocrx_word' id='word_1_174' title='bbox 879 2581 963 2623; x_wconf 91' lang='lat' dir='ltr'>nunc</span> <span class='ocrx_word' id='word_1_175' title='bbox 979 2560 1130 2625; x_wconf 89' lang='lat' dir='ltr'>dicuntur</span> <span class='ocrx_word' id='word_1_176' title='bbox 1144 2561 1296 2642; x_wconf 90' lang='lat' dir='ltr'>redempto·</span> 
     </span>
     <span class='ocr_line' id='line_1_23' title="bbox 147 2661 1295 2750; baseline 0 -24"><span class='ocrx_word' id='word_1_177' title='bbox 147 2685 207 2740; x_wconf 88' lang='lat' dir='ltr'>res,</span> <span class='ocrx_word' id='word_1_178' title='bbox 239 2663 293 2744; x_wconf 94' lang='lat' dir='ltr'>qui</span> <span class='ocrx_word' id='word_1_179' title='bbox 317 2661 409 2745; x_wconf 77' lang='lat' dir='ltr'>quid⁹</span> <span class='ocrx_word' id='word_1_180' title='bbox 433 2663 652 2728; x_wconf 86' lang='lat' dir='ltr'>conduxerunt</span> <span class='ocrx_word' id='word_1_181' title='bbox 676 2665 892 2748; x_wconf 87' lang='lat' dir='ltr'>praebendum</span> <span class='ocrx_word' id='word_1_182' title='bbox 914 2664 1142 2750; x_wconf 90' lang='lat' dir='ltr'>utendumque.</span> <span class='ocrx_word' id='word_1_183' title='bbox 1187 2665 1222 2729; x_wconf 89' lang='lat' dir='ltr'>F.</span> <span class='ocrx_word' id='word_1_184' title='bbox 1241 2668 1295 2729; x_wconf 77' lang='lat'>270.</span> 
     </span>
     <span class='ocr_line' id='line_1_24' title="bbox 146 2766 1294 2855; baseline 0 -26"><span class='ocrx_word' id='word_1_185' title='bbox 146 2766 349 2850; x_wconf 86' lang='lat' dir='ltr'>Relegati</span> <span class='ocrx_word' id='word_1_186' title='bbox 365 2767 513 2831; x_wconf 90' lang='lat' dir='ltr'>dicuntur</span> <span class='ocrx_word' id='word_1_187' title='bbox 528 2769 666 2852; x_wconf 89' lang='lat' dir='ltr'>proprie,</span> <span class='ocrx_word' id='word_1_188' title='bbox 685 2769 800 2853; x_wconf 91' lang='lat' dir='ltr'>quibus</span> <span class='ocrx_word' id='word_1_189' title='bbox 814 2770 1009 2855; x_wconf 83' lang='lat' dir='ltr'>ignominiae</span> <span class='ocrx_word' id='word_1_190' title='bbox 1025 2776 1082 2834; x_wconf 88' lang='lat' dir='ltr'>aut</span> <span class='ocrx_word' id='word_1_191' title='bbox 1095 2794 1212 2855; x_wconf 91' lang='lat' dir='ltr'>poenae</span> <span class='ocrx_word' id='word_1_192' title='bbox 1225 2786 1294 2833; x_wconf 78' lang='lat' dir='ltr'>musa</span> 
     </span>
     <span class='ocr_line' id='line_1_25' title="bbox 145 2872 1293 2961; baseline -0.003 -26"><span class='ocrx_word' id='word_1_193' title='bbox 145 2893 269 2936; x_wconf 88' lang='lat' dir='ltr'>necesse</span> <span class='ocrx_word' id='word_1_194' title='bbox 298 2874 346 2935; x_wconf 92' lang='lat' dir='ltr'>est</span> <span class='ocrx_word' id='word_1_195' title='bbox 376 2872 415 2935; x_wconf 88' lang='lat' dir='ltr'>ab</span> <span class='ocrx_word' id='word_1_196' title='bbox 444 2873 521 2936; x_wconf 91' lang='lat' dir='ltr'>urbe</span> <span class='ocrx_word' id='word_1_197' title='bbox 544 2872 646 2936; x_wconf 85' lang='lat' dir='ltr'>Roma</span> <span class='ocrx_word' id='word_1_198' title='bbox 677 2873 779 2938; x_wconf 87' lang='lat' dir='ltr'>aliove</span> <span class='ocrx_word' id='word_1_199' title='bbox 809 2897 871 2958; x_wconf 93' lang='lat' dir='ltr'>quo</span> <span class='ocrx_word' id='word_1_200' title='bbox 905 2876 972 2939; x_wconf 93' lang='lat' dir='ltr'>loco</span> <span class='ocrx_word' id='word_1_201' title='bbox 1007 2876 1116 2941; x_wconf 86' lang='lat' dir='ltr'>abesse</span> <span class='ocrx_word' id='word_1_202' title='bbox 1139 2877 1206 2961; x_wconf 88' lang='lat' dir='ltr'>lege</span> <span class='ocrx_word' id='word_1_203' title='bbox 1226 2891 1293 2937; x_wconf 86' lang='lat' dir='ltr'>sena·</span> 
     </span>
     <span class='ocr_line' id='line_1_26' title="bbox 147 2975 1292 3063; baseline -0.004 -24"><span class='ocrx_word' id='word_1_204' title='bbox 147 2975 246 3046; x_wconf 86' lang='lat' dir='ltr'>tive¹⁰</span> <span class='ocrx_word' id='word_1_205' title='bbox 270 2975 414 3040; x_wconf 87' lang='lat' dir='ltr'>consulto</span> <span class='ocrx_word' id='word_1_206' title='bbox 439 2981 495 3041; x_wconf 88' lang='lat' dir='ltr'>aut</span> <span class='ocrx_word' id='word_1_207' title='bbox 517 2978 618 3042; x_wconf 89' lang='lat' dir='ltr'>edicto</span> <span class='ocrx_word' id='word_1_208' title='bbox 642 2979 894 3063; x_wconf 85' lang='lat' dir='ltr'>magistratus¹¹,</span> <span class='ocrx_word' id='word_1_209' title='bbox 917 2985 954 3044; x_wconf 92' lang='lat' dir='ltr'>ut</span> <span class='ocrx_word' id='word_1_210' title='bbox 970 2981 1068 3045; x_wconf 87' lang='lat' dir='ltr'>etiarn</span> <span class='ocrx_word' id='word_1_211' title='bbox 1084 2980 1193 3046; x_wconf 87' lang='lat' dir='ltr'>Aelius</span> <span class='ocrx_word' id='word_1_212' title='bbox 1209 2975 1292 3044; x_wconf 82' lang='lat' dir='ltr'>Gallus</span> 
     </span>
     <span class='ocr_line' id='line_1_27' title="bbox 146 3080 459 3146; baseline 0.003 -2"><span class='ocrx_word' id='word_1_213' title='bbox 146 3081 275 3146; x_wconf 89' lang='lat' dir='ltr'>indicat.</span> <span class='ocrx_word' id='word_1_214' title='bbox 321 3080 360 3143; x_wconf 89' lang='lat' dir='ltr'>F.</span> <span class='ocrx_word' id='word_1_215' title='bbox 384 3085 459 3145; x_wconf 90' lang='grc'><em>278.</em></span> 
     </span>
    </p>

    <p class='ocr_par' dir='ltr' id='par_1_7' title="bbox 147 3186 1294 3790">
     <span class='ocr_line' id='line_1_28' title="bbox 147 3186 1293 3274; baseline 0.002 -24"><span class='ocrx_word' id='word_1_216' title='bbox 147 3186 406 3271; x_wconf 86' lang='lat' dir='ltr'>Religiosus</span> <span class='ocrx_word' id='word_1_217' title='bbox 430 3190 478 3250; x_wconf 90' lang='lat' dir='ltr'>est</span> <span class='ocrx_word' id='word_1_218' title='bbox 501 3225 540 3234; x_wconf 84' lang='lat'>—·</span> <span class='ocrx_word' id='word_1_219' title='bbox 566 3188 696 3253; x_wconf 86' lang='lat' dir='ltr'>deorum</span> <span class='ocrx_word' id='word_1_220' title='bbox 719 3191 921 3254; x_wconf 85' lang='lat' dir='ltr'>sanctitatem</span> <span class='ocrx_word' id='word_1_221' title='bbox 944 3191 1055 3274; x_wconf 80' lang='lat' dir='ltr'>magni</span> <span class='ocrx_word' id='word_1_222' title='bbox 1077 3192 1238 3256; x_wconf 85' lang='lat' dir='ltr'>aestimans</span> <span class='ocrx_word' id='word_1_223' title='bbox 1250 3202 1293 3252; x_wconf 50' lang='grc' dir='ltr'>’ἱ</span> 
     </span>
     <span class='ocr_line' id='line_1_29' title="bbox 148 3291 1293 3378; baseline 0.001 -23"><span class='ocrx_word' id='word_1_224' title='bbox 148 3292 213 3356; x_wconf 88' lang='lat' dir='ltr'>dies</span> <span class='ocrx_word' id='word_1_225' title='bbox 236 3295 342 3356; x_wconf 87' lang='lat' dir='ltr'>autem</span> <span class='ocrx_word' id='word_1_226' title='bbox 365 3291 517 3375; x_wconf 85' lang='lat' dir='ltr'>religiosi,</span> <span class='ocrx_word' id='word_1_227' title='bbox 541 3292 656 3375; x_wconf 91' lang='lat' dir='ltr'>quibus</span> <span class='ocrx_word' id='word_1_228' title='bbox 679 3293 741 3357; x_wconf 91' lang='lat' dir='ltr'>nisi</span> <span class='ocrx_word' id='word_1_229' title='bbox 766 3294 850 3378; x_wconf 89' lang='lat' dir='ltr'>quod</span> <span class='ocrx_word' id='word_1_230' title='bbox 873 3317 996 3359; x_wconf 88' lang='lat' dir='ltr'>necesse</span> <span class='ocrx_word' id='word_1_231' title='bbox 1019 3300 1068 3360; x_wconf 89' lang='lat' dir='ltr'>est</span> <span class='ocrx_word' id='word_1_232' title='bbox 1083 3295 1173 3360; x_wconf 86' lang='lat' dir='ltr'>nefas</span> <span class='ocrx_word' id='word_1_233' title='bbox 1187 3293 1293 3358; x_wconf 79' lang='lat' dir='ltr'>habetur</span> 
     </span>
     <span class='ocr_line' id='line_1_30' title="bbox 151 3389 1293 3484; baseline 0.001 -25"><span class='ocrx_word' id='word_1_234' title='bbox 151 3397 262 3476; x_wconf 85' lang='lat' dir='ltr'>facere,</span> <span class='ocrx_word' id='word_1_235' title='bbox 287 3396 395 3480; x_wconf 90' lang='lat' dir='ltr'>quales</span> <span class='ocrx_word' id='word_1_236' title='bbox 424 3400 499 3461; x_wconf 86' lang='lat' dir='ltr'>sunt</span> <span class='ocrx_word' id='word_1_237' title='bbox 522 3420 576 3461; x_wconf 86' lang='lat' dir='ltr'>sex</span> <span class='ocrx_word' id='word_1_238' title='bbox 599 3400 630 3461; x_wconf 90' lang='lat' dir='ltr'>et</span> <span class='ocrx_word' id='word_1_239' title='bbox 652 3398 789 3482; x_wconf 82' lang='lat' dir='ltr'>triginta</span> <span class='ocrx_word' id='word_1_240' title='bbox 812 3399 874 3462; x_wconf 89' lang='lat' dir='ltr'>atri</span> <span class='ocrx_word' id='word_1_241' title='bbox 899 3400 955 3484; x_wconf 91' lang='lat' dir='ltr'>qui</span> <span class='ocrx_word' id='word_1_242' title='bbox 977 3400 1190 3483; x_wconf 88' lang='lat' dir='ltr'>appellantur,</span> <span class='ocrx_word' id='word_1_243' title='bbox 1212 3401 1238 3462; x_wconf 90' lang='lat' dir='ltr'>et</span> <span class='ocrx_word' id='word_1_244' title='bbox 1252 3389 1293 3456; x_wconf 71' lang='lat' dir='ltr'>dl·</span> 
     </span>
     <span class='ocr_line' id='line_1_31' title="bbox 147 3489 1292 3603; baseline 0.003 -39"><span class='ocrx_word' id='word_1_245' title='bbox 147 3498 300 3580; x_wconf 61' lang='lat' dir='ltr'>liensisffl,</span> <span class='ocrx_word' id='word_1_246' title='bbox 334 3505 430 3586; x_wconf 91' lang='lat' dir='ltr'>atque</span> <span class='ocrx_word' id='word_1_247' title='bbox 460 3501 528 3580; x_wconf 87' lang='lat' dir='ltr'>ii¹³,</span> <span class='ocrx_word' id='word_1_248' title='bbox 557 3503 672 3586; x_wconf 87' lang='lat' dir='ltr'>quibus</span> <span class='ocrx_word' id='word_1_249' title='bbox 700 3505 835 3567; x_wconf 87' lang='lat' dir='ltr'>mundus</span> <span class='ocrx_word' id='word_1_250' title='bbox 859 3508 916 3588; x_wconf 89' lang='lat' dir='ltr'>pat</span> <span class='ocrx_word' id='word_1_251' title='bbox 935 3509 956 3567; x_wconf 91' lang='lat' dir='ltr'>t.</span> <span class='ocrx_word' id='word_1_252' title='bbox 994 3503 1205 3590; x_wconf 83' lang='lat' dir='ltr'>[Religiosum</span> <span class='ocrx_word' id='word_1_253' title='bbox 1225 3489 1292 3603; x_wconf 63' lang='lat' dir='ltr'>situl</span> 
     </span>
     <span class='ocr_line' id='line_1_32' title="bbox 148 3605 1293 3689; baseline 0.01 -22"><span class='ocrx_word' id='word_1_254' title='bbox 148 3627 214 3669; x_wconf 89' lang='lat' dir='ltr'>esse</span> <span class='ocrx_word' id='word_1_255' title='bbox 237 3605 347 3671; x_wconf 80' lang='lat' dir='ltr'>Gallus</span> <span class='ocrx_word' id='word_1_256' title='bbox 370 3606 499 3685; x_wconf 89' lang='lat' dir='ltr'>Aelius,</span> <span class='ocrx_word' id='word_1_257' title='bbox 533 3606 618 3689; x_wconf 89' lang='lat' dir='ltr'>quod</span> <span class='ocrx_word' id='word_1_258' title='bbox 640 3607 763 3670; x_wconf 91' lang='lat' dir='ltr'>homini</span> <span class='ocrx_word' id='word_1_259' title='bbox 791 3609 838 3672; x_wconf 89' lang='lat' dir='ltr'>ita</span> <span class='ocrx_word' id='word_1_260' title='bbox 868 3608 970 3672; x_wconf 88' lang='lat' dir='ltr'>facere</span> <span class='ocrx_word' id='word_1_261' title='bbox 1000 3631 1065 3673; x_wconf 93' lang='lat' dir='ltr'>non</span> <span class='ocrx_word' id='word_1_262' title='bbox 1087 3610 1196 3689; x_wconf 89' lang='lat' dir='ltr'>liceat,</span> <span class='ocrx_word' id='word_1_263' title='bbox 1223 3607 1258 3679; x_wconf 85' lang='lat' dir='ltr'>ut,</span> <span class='ocrx_word' id='word_1_264' title='bbox 1275 3615 1293 3657; x_wconf 81' lang='lat'>⁸¹</span> 
     </span>
     <span class='ocr_line' id='line_1_33' title="bbox 147 3705 1294 3790; baseline 0.007 -17"><span class='ocrx_word' id='word_1_265' title='bbox 147 3709 213 3773; x_wconf 80' lang='lat' dir='ltr'>id¹b</span> <span class='ocrx_word' id='word_1_266' title='bbox 236 3710 342 3790; x_wconf 86' lang='lat' dir='ltr'>faciat,</span> <span class='ocrx_word' id='word_1_267' title='bbox 376 3716 487 3776; x_wconf 88' lang='lat' dir='ltr'>contra</span> <span class='ocrx_word' id='word_1_268' title='bbox 519 3711 649 3775; x_wconf 88' lang='lat' dir='ltr'>deorum</span> <span class='ocrx_word' id='word_1_269' title='bbox 671 3712 869 3777; x_wconf 85' lang='lat' dir='ltr'>voluntatem</span> <span class='ocrx_word' id='word_1_270' title='bbox 894 3712 1073 3778; x_wconf 78' lang='lat' dir='ltr'>videatur¹6</span> <span class='ocrx_word' id='word_1_271' title='bbox 1098 3714 1207 3780; x_wconf 87' lang='lat' dir='ltr'>facere.</span> <span class='ocrx_word' id='word_1_272' title='bbox 1244 3705 1294 3781; x_wconf 67' lang='lat'><strong>0¹1⁰</strong></span> 
     </span>
    </p>
   </div>
   <div class='ocr_carea' id='block_1_3' title="bbox 148 3920 1295 4427">
    <p class='ocr_par' dir='ltr' id='par_1_8' title="bbox 148 3920 1295 4427">
     <span class='ocr_line' id='line_1_34' title="bbox 238 3920 1295 3991; baseline 0.004 -19"><span class='ocrx_word' id='word_1_273' title='bbox 238 3920 262 3986; x_wconf 83' lang='lat'>1)</span> <span class='ocrx_word' id='word_1_274' title='bbox 282 3936 305 3974; x_wconf 85' lang='lat' dir='ltr'>o.</span> <span class='ocrx_word' id='word_1_275' title='bbox 320 3937 350 3989; x_wconf 84' lang='lat' dir='ltr'>p.</span> <span class='ocrx_word' id='word_1_276' title='bbox 371 3923 562 3990; x_wconf 79' lang='lat' dir='ltr'>34tac.10,4.</span> <span class='ocrx_word' id='word_1_277' title='bbox 589 3954 617 3962; x_wconf 95' lang='lat'><em>-</em></span> <span class='ocrx_word' id='word_1_278' title='bbox 646 3925 672 3985; x_wconf 87' lang='grc'>2)</span> <span class='ocrx_word' id='word_1_279' title='bbox 691 3926 729 3978; x_wconf 78' lang='lat' dir='ltr'>sio</span> <span class='ocrx_word' id='word_1_280' title='bbox 746 3930 771 3978; x_wconf 83' lang='lat' dir='ltr'>ct</span> <span class='ocrx_word' id='word_1_281' title='bbox 789 3925 845 3979; x_wconf 84' lang='lat' dir='ltr'>cod.</span> <span class='ocrx_word' id='word_1_282' title='bbox 865 3931 890 3979; x_wconf 82' lang='lat' dir='ltr'>et</span> <span class='ocrx_word' id='word_1_283' title='bbox 908 3924 1027 3991; x_wconf 79' lang='lat' dir='ltr'>Paulus;</span> <span class='ocrx_word' id='word_1_284' title='bbox 1052 3924 1177 3978; x_wconf 87' lang='lat' dir='ltr'>trahitur</span> <span class='ocrx_word' id='word_1_285' title='bbox 1196 3922 1255 3977; x_wconf 78' lang='lat' dir='ltr'>na.</span> <span class='ocrx_word' id='word_1_286' title='bbox 1269 3934 1295 3950; x_wconf 62' lang='lat'><em>³</em></span> 
     </span>
     <span class='ocr_line' id='line_1_35' title="bbox 148 3994 1294 4082; baseline 0.004 -24"><span class='ocrx_word' id='word_1_287' title='bbox 148 4008 175 4072; x_wconf 85' lang='lat'>3)</span> <span class='ocrx_word' id='word_1_288' title='bbox 194 4006 224 4059; x_wconf 90' lang='lat' dir='ltr'>hi</span> <span class='ocrx_word' id='word_1_289' title='bbox 243 4006 298 4060; x_wconf 84' lang='lat' dir='ltr'>cod.</span> <span class='ocrx_word' id='word_1_290' title='bbox 328 4038 360 4046; x_wconf 92' lang='lat'>-</span> <span class='ocrx_word' id='word_1_291' title='bbox 389 4009 417 4077; x_wconf 87' lang='grc'>4)</span> <span class='ocrx_word' id='word_1_292' title='bbox 435 4025 460 4062; x_wconf 83' lang='grc'>0.</span> <span class='ocrx_word' id='word_1_293' title='bbox 476 4026 503 4078; x_wconf 82' lang='lat' dir='ltr'>p.</span> <span class='ocrx_word' id='word_1_294' title='bbox 522 4014 556 4063; x_wconf 85' lang='lat'>34</span> <span class='ocrx_word' id='word_1_295' title='bbox 574 4011 709 4079; x_wconf 81' lang='lat' dir='ltr'>tab.10,3.</span> <span class='ocrx_word' id='word_1_296' title='bbox 736 4044 770 4053; x_wconf 93' lang='lat'><em>-</em></span> <span class='ocrx_word' id='word_1_297' title='bbox 793 4013 820 4081; x_wconf 81' lang='lat'>5)</span> <span class='ocrx_word' id='word_1_298' title='bbox 838 4012 882 4066; x_wconf 85' lang='lat' dir='ltr'>vir</span> <span class='ocrx_word' id='word_1_299' title='bbox 900 4015 969 4082; x_wconf 87' lang='lat' dir='ltr'>toga</span> <span class='ocrx_word' id='word_1_300' title='bbox 988 4013 1118 4066; x_wconf 89' lang='lat' dir='ltr'>mulieres</span> <span class='ocrx_word' id='word_1_301' title='bbox 1138 4013 1207 4080; x_wconf 84' lang='lat' dir='ltr'>cod.‚·</span> <span class='ocrx_word' id='word_1_302' title='bbox 1221 3994 1294 4063; x_wconf 57' lang='lat' dir='ltr'>meld</span> 
     </span>
     <span class='ocr_line' id='line_1_36' title="bbox 149 4092 1294 4170; baseline 0.006 -25"><span class='ocrx_word' id='word_1_303' title='bbox 149 4092 266 4161; x_wconf 71' lang='lat' dir='ltr'>Iapetus.</span> <span class='ocrx_word' id='word_1_304' title='bbox 294 4124 329 4133; x_wconf 92' lang='lat'>—</span> <span class='ocrx_word' id='word_1_305' title='bbox 344 4096 383 4159; x_wconf 68' lang='grc'>8)</span> <span class='ocrx_word' id='word_1_306' title='bbox 403 4098 580 4164; x_wconf 85' lang='lat' dir='ltr'>praetextum</span> <span class='ocrx_word' id='word_1_307' title='bbox 600 4099 656 4153; x_wconf 86' lang='lat' dir='ltr'>cod.</span> <span class='ocrx_word' id='word_1_308' title='bbox 675 4129 708 4137; x_wconf 77' lang='lat'>-</span> <span class='ocrx_word' id='word_1_309' title='bbox 734 4099 761 4170; x_wconf 82' lang='grc'>7)</span> <span class='ocrx_word' id='word_1_310' title='bbox 780 4101 813 4153; x_wconf 91' lang='lat' dir='ltr'>ut</span> <span class='ocrx_word' id='word_1_311' title='bbox 831 4100 887 4154; x_wconf 85' lang='lat' dir='ltr'>cod.</span> <span class='ocrx_word' id='word_1_312' title='bbox 913 4131 944 4139; x_wconf 95' lang='lat'><strong>—</strong></span> <span class='ocrx_word' id='word_1_313' title='bbox 965 4100 992 4169; x_wconf 89' lang='lat'>8)</span> <span class='ocrx_word' id='word_1_314' title='bbox 1013 4099 1194 4155; x_wconf 85' lang='lat' dir='ltr'>condixerant</span> <span class='ocrx_word' id='word_1_315' title='bbox 1211 4093 1254 4152; x_wconf 82' lang='grc'><em>008</em></span> <span class='ocrx_word' id='word_1_316' title='bbox 1269 4107 1294 4125; x_wconf 69' lang='lat'><strong><em>‘</em></strong></span> 
     </span>
     <span class='ocr_line' id='line_1_37' title="bbox 150 4180 1293 4257; baseline 0.007 -25"><span class='ocrx_word' id='word_1_317' title='bbox 150 4182 176 4248; x_wconf 78' lang='grc'>1))</span> <span class='ocrx_word' id='word_1_318' title='bbox 195 4180 326 4250; x_wconf 87' lang='lat' dir='ltr'>quicquid</span> <span class='ocrx_word' id='word_1_319' title='bbox 339 4181 395 4235; x_wconf 85' lang='grc'><em>008.</em></span> <span class='ocrx_word' id='word_1_320' title='bbox 414 4211 448 4220; x_wconf 86' lang='lat'><em>-</em></span> <span class='ocrx_word' id='word_1_321' title='bbox 468 4183 512 4253; x_wconf 85' lang='lat'>10)</span> <span class='ocrx_word' id='word_1_322' title='bbox 532 4184 607 4253; x_wconf 86' lang='lat' dir='ltr'>leges</span> <span class='ocrx_word' id='word_1_323' title='bbox 618 4185 782 4255; x_wconf 87' lang='lat' dir='ltr'>senatuique</span> <span class='ocrx_word' id='word_1_324' title='bbox 800 4187 856 4242; x_wconf 83' lang='lat' dir='ltr'>cod.</span> <span class='ocrx_word' id='word_1_325' title='bbox 876 4215 909 4227; x_wconf 87' lang='lat'>-</span> <span class='ocrx_word' id='word_1_326' title='bbox 932 4187 972 4257; x_wconf 93' lang='grc'>11)</span> <span class='ocrx_word' id='word_1_327' title='bbox 991 4187 1194 4256; x_wconf 79' lang='lat' dir='ltr'>magistratum</span> <span class='ocrx_word' id='word_1_328' title='bbox 1211 4181 1254 4240; x_wconf 77' lang='grc'><em>008</em></span> <span class='ocrx_word' id='word_1_329' title='bbox 1268 4196 1293 4212; x_wconf 70' lang='lat'><strong><em>‘</em></strong></span> 
     </span>
     <span class='ocr_line' id='line_1_38' title="bbox 151 4259 1294 4344; baseline 0.007 -22"><span class='ocrx_word' id='word_1_330' title='bbox 151 4272 193 4332; x_wconf 79' lang='grc'>12)</span> <span class='ocrx_word' id='word_1_331' title='bbox 214 4269 263 4322; x_wconf 87' lang='lat' dir='ltr'>alii</span> <span class='ocrx_word' id='word_1_332' title='bbox 287 4285 363 4322; x_wconf 87' lang='lat' dir='ltr'>senes</span> <span class='ocrx_word' id='word_1_333' title='bbox 383 4270 439 4324; x_wconf 86' lang='lat' dir='ltr'>cod.</span> <span class='ocrx_word' id='word_1_334' title='bbox 465 4300 499 4308; x_wconf 95' lang='lat'><em>-</em></span> <span class='ocrx_word' id='word_1_335' title='bbox 529 4272 571 4339; x_wconf 90' lang='grc'>13)</span> <span class='ocrx_word' id='word_1_336' title='bbox 587 4272 616 4324; x_wconf 91' lang='lat' dir='ltr'>hi</span> <span class='ocrx_word' id='word_1_337' title='bbox 636 4274 692 4327; x_wconf 87' lang='lat' dir='ltr'>cod.</span> <span class='ocrx_word' id='word_1_338' title='bbox 717 4304 753 4313; x_wconf 91' lang='grc'>-</span> <span class='ocrx_word' id='word_1_339' title='bbox 773 4277 815 4343; x_wconf 88' lang='grc'>14)</span> <span class='ocrx_word' id='word_1_340' title='bbox 834 4274 996 4344; x_wconf 84' lang='lat' dir='ltr'>religiosum</span> <span class='ocrx_word' id='word_1_341' title='bbox 1015 4276 1056 4328; x_wconf 90' lang='lat' dir='ltr'>ait</span> <span class='ocrx_word' id='word_1_342' title='bbox 1074 4276 1126 4329; x_wconf 77' lang='lat' dir='ltr'>ires.</span> <span class='ocrx_word' id='word_1_343' title='bbox 1151 4275 1206 4330; x_wconf 80' lang='lat' dir='ltr'>Urs.</span> <span class='ocrx_word' id='word_1_344' title='bbox 1221 4299 1246 4311; x_wconf 49' lang='grc' dir='ltr'><em>ν</em></span> <span class='ocrx_word' id='word_1_345' title='bbox 1262 4259 1294 4321; x_wconf 69' lang='lat'>¹5)</span> 
     </span>
     <span class='ocr_line' id='line_1_39' title="bbox 150 4353 737 4427; baseline 0.014 -22"><span class='ocrx_word' id='word_1_346' title='bbox 150 4353 173 4405; x_wconf 91' lang='lat' dir='ltr'>si</span> <span class='ocrx_word' id='word_1_347' title='bbox 191 4353 231 4424; x_wconf 88' lang='lat' dir='ltr'>id]</span> <span class='ocrx_word' id='word_1_348' title='bbox 251 4354 301 4407; x_wconf 90' lang='lat' dir='ltr'>sud</span> <span class='ocrx_word' id='word_1_349' title='bbox 321 4356 377 4410; x_wconf 84' lang='grc'><em>008.</em></span> <span class='ocrx_word' id='word_1_350' title='bbox 397 4388 429 4396; x_wconf 90' lang='grc'>-</span> <span class='ocrx_word' id='word_1_351' title='bbox 452 4358 495 4427; x_wconf 91' lang='grc'>16)</span> <span class='ocrx_word' id='word_1_352' title='bbox 514 4357 663 4413; x_wconf 85' lang='lat' dir='ltr'>videantur</span> <span class='ocrx_word' id='word_1_353' title='bbox 682 4361 737 4413; x_wconf 85' lang='grc'><em>008.</em></span> 
     </span>
    </p>
   </div>
   <div class='ocr_carea' id='block_1_4' title="bbox 0 0 1484 4996">
    <p class='ocr_par' dir='ltr' id='par_1_9' title="bbox 0 0 1484 4996">
     <span class='ocr_line' id='line_1_40' title="bbox 0 0 1484 4996; baseline 0 0"><span class='ocrx_word' id='word_1_354' title='bbox 0 0 1484 4996; x_wconf 95' lang='lat' dir='ltr'> </span> 
     </span>
    </p>
   </div>
  </div>
 </body>
</html>
