<?xml version="1.0" encoding="UTF-8"?>
<!DOCTYPE html PUBLIC "-//W3C//DTD XHTML 1.0 Transitional//EN"
    "http://www.w3.org/TR/xhtml1/DTD/xhtml1-transitional.dtd">
<html xmlns="http://www.w3.org/1999/xhtml" xml:lang="en" lang="en">
 <head>
  <title>
</title>
<meta http-equiv="Content-Type" content="text/html;charset=utf-8" />
  <meta name='ocr-system' content='tesseract 3.04.00' />
  <meta name='ocr-capabilities' content='ocr_page ocr_carea ocr_par ocr_line ocrx_word'/>
</head>
<body>
  <div class='ocr_page' id='page_1' title='image "./fontesiurisroma00brungoog_0402.png"; bbox 0 0 2940 4996; ppageno 0'>
   <div class='ocr_carea' id='block_1_1' title="bbox 142 317 978 390">
    <p class='ocr_par' dir='ltr' id='par_1_1' title="bbox 142 317 978 390">
     <span class='ocr_line' id='line_1_1' title="bbox 142 317 978 390; baseline -0.011 -9"><span class='ocrx_word' id='word_1_1' title='bbox 142 325 207 390; x_wconf 84' lang='lat'>380</span> <span class='ocrx_word' id='word_1_2' title='bbox 484 319 582 386; x_wconf 86' lang='lat' dir='ltr'>Varro,</span> <span class='ocrx_word' id='word_1_3' title='bbox 602 318 637 374; x_wconf 88' lang='lat' dir='ltr'>de</span> <span class='ocrx_word' id='word_1_4' title='bbox 654 317 755 388; x_wconf 84' lang='lat' dir='ltr'>lingua</span> <span class='ocrx_word' id='word_1_5' title='bbox 773 317 885 383; x_wconf 83' lang='lat' dir='ltr'>Latina,</span> <span class='ocrx_word' id='word_1_6' title='bbox 904 317 924 375; x_wconf 89' lang='lat'>1.</span> <span class='ocrx_word' id='word_1_7' title='bbox 944 317 978 372; x_wconf 84' lang='lat' dir='ltr'>V.</span> 
     </span>
    </p>
   </div>
   <div class='ocr_carea' id='block_1_2' title="bbox 140 495 1308 3112">
    <p class='ocr_par' dir='ltr' id='par_1_2' title="bbox 140 495 1308 3112">
     <span class='ocr_line' id='line_1_2' title="bbox 141 495 1308 582; baseline -0.003 -18"><span class='ocrx_word' id='word_1_8' title='bbox 141 503 329 565; x_wconf 92' lang='lat' dir='ltr'>mentum</span> <span class='ocrx_word' id='word_1_9' title='bbox 361 520 501 563; x_wconf 89' lang='lat' dir='ltr'>asacro.</span> <span class='ocrx_word' id='word_1_10' title='bbox 546 497 624 574; x_wconf 77' lang='lat' dir='ltr'>Qui¹</span> <span class='ocrx_word' id='word_1_11' title='bbox 648 499 779 582; x_wconf 91' lang='lat' dir='ltr'>petebat</span> <span class='ocrx_word' id='word_1_12' title='bbox 812 501 844 562; x_wconf 91' lang='lat' dir='ltr'>et</span> <span class='ocrx_word' id='word_1_13' title='bbox 869 496 924 579; x_wconf 92' lang='lat' dir='ltr'>qui</span> <span class='ocrx_word' id='word_1_14' title='bbox 946 495 1161 577; x_wconf 89' lang='lat' dir='ltr'>infitiabatur,</span> <span class='ocrx_word' id='word_1_15' title='bbox 1192 496 1231 561; x_wconf 92' lang='lat' dir='ltr'>de</span> <span class='ocrx_word' id='word_1_16' title='bbox 1252 497 1308 561; x_wconf 91' lang='lat' dir='ltr'>aliis</span> 
     </span>
     <span class='ocr_line' id='line_1_3' title="bbox 144 600 1308 690; baseline -0.005 -19"><span class='ocrx_word' id='word_1_17' title='bbox 144 606 237 671; x_wconf 90' lang='lat' dir='ltr'>rebus</span> <span class='ocrx_word' id='word_1_18' title='bbox 261 610 395 689; x_wconf 92' lang='lat' dir='ltr'>uterque</span> <span class='ocrx_word' id='word_1_19' title='bbox 418 604 595 690; x_wconf 81' lang='lat' dir='ltr'>quingenos</span> <span class='ocrx_word' id='word_1_20' title='bbox 618 604 699 669; x_wconf 90' lang='lat' dir='ltr'>aeris</span> <span class='ocrx_word' id='word_1_21' title='bbox 723 604 762 668; x_wconf 91' lang='lat' dir='ltr'>ad</span> <span class='ocrx_word' id='word_1_22' title='bbox 784 600 930 688; x_wconf 74' lang='lat' dir='ltr'>pontem²</span> <span class='ocrx_word' id='word_1_23' title='bbox 954 602 1168 685; x_wconf 72' lang='lat' dir='ltr'>deponebant,</span> <span class='ocrx_word' id='word_1_24' title='bbox 1193 603 1231 666; x_wconf 92' lang='lat' dir='ltr'>de</span> <span class='ocrx_word' id='word_1_25' title='bbox 1252 602 1308 666; x_wconf 87' lang='lat' dir='ltr'>aliis</span> 
     </span>
     <span class='ocr_line' id='line_1_4' title="bbox 142 706 1308 794; baseline -0.003 -19"><span class='ocrx_word' id='word_1_26' title='bbox 142 712 238 776; x_wconf 85' lang='lat' dir='ltr'>rebus</span> <span class='ocrx_word' id='word_1_27' title='bbox 260 711 337 775; x_wconf 85' lang='lat' dir='ltr'>item</span> <span class='ocrx_word' id='word_1_28' title='bbox 361 715 447 776; x_wconf 87' lang='lat' dir='ltr'>certo</span> <span class='ocrx_word' id='word_1_29' title='bbox 470 710 533 774; x_wconf 90' lang='lat' dir='ltr'>alio</span> <span class='ocrx_word' id='word_1_30' title='bbox 556 710 701 794; x_wconf 82' lang='lat' dir='ltr'>legitimo</span> <span class='ocrx_word' id='word_1_31' title='bbox 724 706 873 774; x_wconf 83' lang='lat' dir='ltr'>numero⁸</span> <span class='ocrx_word' id='word_1_32' title='bbox 897 730 1023 786; x_wconf 87' lang='lat' dir='ltr'>assum;</span> <span class='ocrx_word' id='word_1_33' title='bbox 1056 709 1113 792; x_wconf 90' lang='lat' dir='ltr'>qui</span> <span class='ocrx_word' id='word_1_34' title='bbox 1136 707 1252 772; x_wconf 92' lang='lat' dir='ltr'>iudicio</span> <span class='ocrx_word' id='word_1_35' title='bbox 1270 709 1308 771; x_wconf 81' lang='lat' dir='ltr'>vi·</span> 
     </span>
     <span class='ocr_line' id='line_1_5' title="bbox 142 812 1307 895; baseline -0.003 -15"><span class='ocrx_word' id='word_1_36' title='bbox 142 819 239 895; x_wconf 89' lang='lat' dir='ltr'>cerat,</span> <span class='ocrx_word' id='word_1_37' title='bbox 272 839 365 880; x_wconf 89' lang='lat' dir='ltr'>suum</span> <span class='ocrx_word' id='word_1_38' title='bbox 388 820 621 880; x_wconf 76' lang='lat' dir='ltr'>sacramentum</span> <span class='ocrx_word' id='word_1_39' title='bbox 646 837 662 879; x_wconf 96' lang='lat' dir='ltr'>e</span> <span class='ocrx_word' id='word_1_40' title='bbox 686 836 774 880; x_wconf 90' lang='lat' dir='ltr'>sacro</span> <span class='ocrx_word' id='word_1_41' title='bbox 798 813 973 894; x_wconf 87' lang='lat' dir='ltr'>auferebat,</span> <span class='ocrx_word' id='word_1_42' title='bbox 998 813 1076 878; x_wconf 83' lang='lat' dir='ltr'>victi</span> <span class='ocrx_word' id='word_1_43' title='bbox 1100 812 1141 876; x_wconf 88' lang='lat' dir='ltr'>ad</span> <span class='ocrx_word' id='word_1_44' title='bbox 1164 813 1307 878; x_wconf 87' lang='lat' dir='ltr'>aerarium</span> 
     </span>
     <span class='ocr_line' id='line_1_6' title="bbox 143 917 1308 1002; baseline -0.004 -17"><span class='ocrx_word' id='word_1_45' title='bbox 143 920 278 985; x_wconf 76' lang='lat' dir='ltr'>redibat.</span> <span class='ocrx_word' id='word_1_46' title='bbox 325 920 398 985; x_wconf 89' lang='lat'>181.</span> <span class='ocrx_word' id='word_1_47' title='bbox 445 919 667 985; x_wconf 84' lang='lat' dir='ltr'>Tributum</span> <span class='ocrx_word' id='word_1_48' title='bbox 691 919 810 983; x_wconf 90' lang='lat' dir='ltr'>dictum</span> <span class='ocrx_word' id='word_1_49' title='bbox 835 941 854 982; x_wconf 90' lang='lat' dir='ltr'>a</span> <span class='ocrx_word' id='word_1_50' title='bbox 876 917 1036 997; x_wconf 88' lang='lat' dir='ltr'>tribubus,</span> <span class='ocrx_word' id='word_1_51' title='bbox 1061 917 1147 1002; x_wconf 88' lang='lat' dir='ltr'>quod</span> <span class='ocrx_word' id='word_1_52' title='bbox 1169 938 1208 982; x_wconf 91' lang='lat' dir='ltr'>ea</span> <span class='ocrx_word' id='word_1_53' title='bbox 1229 939 1308 1002; x_wconf 88' lang='lat' dir='ltr'>pecu·</span> 
     </span>
     <span class='ocr_line' id='line_1_7' title="bbox 141 1021 1307 1109; baseline -0.003 -21"><span class='ocrx_word' id='word_1_54' title='bbox 141 1025 206 1104; x_wconf 89' lang='lat' dir='ltr'>nia,</span> <span class='ocrx_word' id='word_1_55' title='bbox 237 1047 318 1108; x_wconf 88' lang='lat' dir='ltr'>quae</span> <span class='ocrx_word' id='word_1_56' title='bbox 340 1024 458 1109; x_wconf 91' lang='lat' dir='ltr'>populo</span> <span class='ocrx_word' id='word_1_57' title='bbox 493 1023 649 1108; x_wconf 90' lang='lat' dir='ltr'>imperata</span> <span class='ocrx_word' id='word_1_58' title='bbox 673 1027 759 1103; x_wconf 90' lang='lat' dir='ltr'>erat,</span> <span class='ocrx_word' id='word_1_59' title='bbox 791 1022 939 1088; x_wconf 85' lang='lat' dir='ltr'>tributim</span> <span class='ocrx_word' id='word_1_60' title='bbox 963 1045 982 1086; x_wconf 92' lang='lat' dir='ltr'>a</span> <span class='ocrx_word' id='word_1_61' title='bbox 1005 1021 1143 1108; x_wconf 83' lang='lat' dir='ltr'>singulis</span> <span class='ocrx_word' id='word_1_62' title='bbox 1165 1043 1226 1106; x_wconf 91' lang='lat' dir='ltr'>pro</span> <span class='ocrx_word' id='word_1_63' title='bbox 1246 1043 1307 1106; x_wconf 91' lang='lat' dir='ltr'>por·</span> 
     </span>
     <span class='ocr_line' id='line_1_8' title="bbox 140 1127 1306 1214; baseline -0.003 -21"><span class='ocrx_word' id='word_1_64' title='bbox 140 1129 228 1194; x_wconf 92' lang='lat' dir='ltr'>tione</span> <span class='ocrx_word' id='word_1_65' title='bbox 251 1151 363 1194; x_wconf 87' lang='lat' dir='ltr'>census</span> <span class='ocrx_word' id='word_1_66' title='bbox 387 1127 603 1214; x_wconf 80' lang='lat' dir='ltr'>exigebatur⁴.</span> <span class='ocrx_word' id='word_1_67' title='bbox 652 1127 702 1192; x_wconf 79' lang='lat' dir='ltr'>Ab</span> <span class='ocrx_word' id='word_1_68' title='bbox 723 1129 785 1193; x_wconf 92' lang='lat' dir='ltr'>hoc</span> <span class='ocrx_word' id='word_1_69' title='bbox 808 1151 854 1208; x_wconf 90' lang='lat' dir='ltr'>ea,</span> <span class='ocrx_word' id='word_1_70' title='bbox 878 1149 960 1213; x_wconf 85' lang='lat' dir='ltr'>quae</span> <span class='ocrx_word' id='word_1_71' title='bbox 975 1127 1147 1213; x_wconf 76' lang='lat' dir='ltr'>adsignata</span> <span class='ocrx_word' id='word_1_72' title='bbox 1163 1130 1242 1206; x_wconf 88' lang='lat' dir='ltr'>erat,</span> <span class='ocrx_word' id='word_1_73' title='bbox 1261 1131 1306 1191; x_wconf 88' lang='lat' dir='ltr'>at·</span> 
     </span>
     <span class='ocr_line' id='line_1_9' title="bbox 140 1233 1306 1318; baseline 0 -22"><span class='ocrx_word' id='word_1_74' title='bbox 140 1234 356 1298; x_wconf 89' lang='lat' dir='ltr'>tributum</span> <span class='ocrx_word' id='word_1_75' title='bbox 384 1234 521 1312; x_wconf 91' lang='lat' dir='ltr'>dictum;</span> <span class='ocrx_word' id='word_1_76' title='bbox 555 1234 595 1298; x_wconf 90' lang='lat' dir='ltr'>ab</span> <span class='ocrx_word' id='word_1_77' title='bbox 618 1256 655 1298; x_wconf 91' lang='lat' dir='ltr'>eo</span> <span class='ocrx_word' id='word_1_78' title='bbox 678 1255 821 1318; x_wconf 87' lang='lat' dir='ltr'>quoque,</span> <span class='ocrx_word' id='word_1_79' title='bbox 854 1233 970 1318; x_wconf 87' lang='lat' dir='ltr'>quibus</span> <span class='ocrx_word' id='word_1_80' title='bbox 994 1233 1153 1297; x_wconf 89' lang='lat' dir='ltr'>attributa</span> <span class='ocrx_word' id='word_1_81' title='bbox 1177 1235 1243 1297; x_wconf 88' lang='lat' dir='ltr'>erat</span> <span class='ocrx_word' id='word_1_82' title='bbox 1261 1253 1306 1314; x_wconf 86' lang='lat' dir='ltr'>pe·</span> 
     </span>
     <span class='ocr_line' id='line_1_10' title="bbox 141 1333 1304 1419; baseline -0.003 -17"><span class='ocrx_word' id='word_1_83' title='bbox 141 1339 252 1418; x_wconf 90' lang='lat' dir='ltr'>cunia,</span> <span class='ocrx_word' id='word_1_84' title='bbox 284 1343 320 1403; x_wconf 90' lang='lat' dir='ltr'>ut</span> <span class='ocrx_word' id='word_1_85' title='bbox 342 1339 438 1404; x_wconf 89' lang='lat' dir='ltr'>militi</span> <span class='ocrx_word' id='word_1_86' title='bbox 468 1339 617 1418; x_wconf 83' lang='lat' dir='ltr'>reddant,</span> <span class='ocrx_word' id='word_1_87' title='bbox 650 1337 824 1403; x_wconf 90' lang='lat' dir='ltr'>tribuni</span> <span class='ocrx_word' id='word_1_88' title='bbox 856 1337 1018 1402; x_wconf 88' lang='lat' dir='ltr'>aerarii</span> <span class='ocrx_word' id='word_1_89' title='bbox 1052 1336 1147 1414; x_wconf 89' lang='lat' dir='ltr'>dicti;</span> <span class='ocrx_word' id='word_1_90' title='bbox 1182 1335 1215 1399; x_wconf 93' lang='lat' dir='ltr'>id</span> <span class='ocrx_word' id='word_1_91' title='bbox 1237 1333 1304 1419; x_wconf 88' lang='lat' dir='ltr'>quod</span> 
     </span>
     <span class='ocr_line' id='line_1_11' title="bbox 146 1437 1302 1527; baseline -0.003 -20"><span class='ocrx_word' id='word_1_92' title='bbox 146 1444 339 1509; x_wconf 85' lang='lat' dir='ltr'>attributum</span> <span class='ocrx_word' id='word_1_93' title='bbox 362 1449 439 1520; x_wconf 90' lang='lat' dir='ltr'>erat,</span> <span class='ocrx_word' id='word_1_94' title='bbox 466 1467 533 1509; x_wconf 91' lang='lat' dir='ltr'>aes</span> <span class='ocrx_word' id='word_1_95' title='bbox 555 1443 758 1510; x_wconf 87' lang='lat' dir='ltr'>militare.</span> <span class='ocrx_word' id='word_1_96' title='bbox 806 1442 876 1508; x_wconf 93' lang='lat' dir='ltr'>Hoc</span> <span class='ocrx_word' id='word_1_97' title='bbox 898 1447 956 1523; x_wconf 85' lang='lat' dir='ltr'>est,</span> <span class='ocrx_word' id='word_1_98' title='bbox 981 1442 1066 1527; x_wconf 88' lang='lat' dir='ltr'>quod</span> <span class='ocrx_word' id='word_1_99' title='bbox 1088 1441 1136 1506; x_wconf 90' lang='lat' dir='ltr'>ait</span> <span class='ocrx_word' id='word_1_100' title='bbox 1150 1437 1302 1506; x_wconf 68' lang='lat' dir='ltr'>Plantae:</span> 
     </span>
     <span class='ocr_line' id='line_1_12' title="bbox 145 1544 1300 1635; baseline -0.003 -23"><span class='ocrx_word' id='word_1_101' title='bbox 145 1546 246 1612; x_wconf 80' lang='lat' dir='ltr'>‘Cedit</span> <span class='ocrx_word' id='word_1_102' title='bbox 267 1549 367 1630; x_wconf 89' lang='lat' dir='ltr'>miles,</span> <span class='ocrx_word' id='word_1_103' title='bbox 398 1573 449 1614; x_wconf 87' lang='lat' dir='ltr'>aes</span> <span class='ocrx_word' id='word_1_104' title='bbox 472 1550 576 1635; x_wconf 79' lang='lat' dir='ltr'>petit’3</span> <span class='ocrx_word' id='word_1_105' title='bbox 609 1554 641 1614; x_wconf 89' lang='lat' dir='ltr'>et</span> <span class='ocrx_word' id='word_1_106' title='bbox 665 1550 741 1614; x_wconf 88' lang='lat' dir='ltr'>hino</span> <span class='ocrx_word' id='word_1_107' title='bbox 764 1550 914 1613; x_wconf 89' lang='lat' dir='ltr'>dicuntur</span> <span class='ocrx_word' id='word_1_108' title='bbox 936 1548 1054 1612; x_wconf 83' lang='lat' dir='ltr'>milites</span> <span class='ocrx_word' id='word_1_109' title='bbox 1077 1546 1251 1625; x_wconf 85' lang='lat' dir='ltr'>aerarii,</span> <span class='ocrx_word' id='word_1_110' title='bbox 1270 1544 1300 1608; x_wconf 89' lang='lat' dir='ltr'>ab</span> 
     </span>
     <span class='ocr_line' id='line_1_13' title="bbox 145 1651 1299 1740; baseline -0.004 -22"><span class='ocrx_word' id='word_1_111' title='bbox 145 1676 225 1733; x_wconf 90' lang='lat' dir='ltr'>aere,</span> <span class='ocrx_word' id='word_1_112' title='bbox 250 1655 335 1738; x_wconf 88' lang='lat' dir='ltr'>quod</span> <span class='ocrx_word' id='word_1_113' title='bbox 358 1655 515 1740; x_wconf 87' lang='lat' dir='ltr'>stipendia</span> <span class='ocrx_word' id='word_1_114' title='bbox 530 1654 697 1720; x_wconf 80' lang='lat' dir='ltr'>facerent⁶.</span> <span class='ocrx_word' id='word_1_115' title='bbox 745 1655 818 1720; x_wconf 85' lang='lat'>182.</span> <span class='ocrx_word' id='word_1_116' title='bbox 842 1654 912 1719; x_wconf 92' lang='lat' dir='ltr'>Hoc</span> <span class='ocrx_word' id='word_1_117' title='bbox 928 1655 1034 1738; x_wconf 90' lang='lat' dir='ltr'>ipsum</span> <span class='ocrx_word' id='word_1_118' title='bbox 1057 1651 1299 1736; x_wconf 87' lang='lat' dir='ltr'>stipendium</span> 
     </span>
     <span class='ocr_line' id='line_1_14' title="bbox 143 1755 1298 1845; baseline -0.003 -23"><span class='ocrx_word' id='word_1_119' title='bbox 143 1782 162 1822; x_wconf 90' lang='lat' dir='ltr'>a</span> <span class='ocrx_word' id='word_1_120' title='bbox 186 1759 268 1843; x_wconf 89' lang='lat' dir='ltr'>stipe</span> <span class='ocrx_word' id='word_1_121' title='bbox 291 1759 411 1823; x_wconf 89' lang='lat' dir='ltr'>dictum</span> <span class='ocrx_word' id='word_1_122' title='bbox 435 1761 519 1843; x_wconf 92' lang='lat' dir='ltr'>quod</span> <span class='ocrx_word' id='word_1_123' title='bbox 543 1783 594 1825; x_wconf 90' lang='lat' dir='ltr'>aes</span> <span class='ocrx_word' id='word_1_124' title='bbox 618 1782 744 1845; x_wconf 88' lang='lat' dir='ltr'>quoque</span> <span class='ocrx_word' id='word_1_125' title='bbox 766 1760 926 1844; x_wconf 90' lang='lat' dir='ltr'>stipem</span> <span class='ocrx_word' id='word_1_126' title='bbox 949 1759 1116 1836; x_wconf 82' lang='lat' dir='ltr'>dicebant3</span> <span class='ocrx_word' id='word_1_127' title='bbox 1139 1780 1214 1822; x_wconf 91' lang='lat' dir='ltr'>nam</span> <span class='ocrx_word' id='word_1_128' title='bbox 1234 1755 1298 1840; x_wconf 88' lang='lat' dir='ltr'>quod</span> 
     </span>
     <span class='ocr_line' id='line_1_15' title="bbox 145 1865 1297 1951; baseline -0.003 -22"><span class='ocrx_word' id='word_1_129' title='bbox 145 1888 230 1930; x_wconf 88' lang='lat' dir='ltr'>asses</span> <span class='ocrx_word' id='word_1_130' title='bbox 251 1865 367 1930; x_wconf 81' lang='lat' dir='ltr'>libras⁷</span> <span class='ocrx_word' id='word_1_131' title='bbox 397 1867 502 1950; x_wconf 90' lang='lat' dir='ltr'>pondo</span> <span class='ocrx_word' id='word_1_132' title='bbox 526 1871 632 1947; x_wconf 88' lang='lat' dir='ltr'>erant,</span> <span class='ocrx_word' id='word_1_133' title='bbox 671 1867 727 1951; x_wconf 91' lang='lat' dir='ltr'>qui</span> <span class='ocrx_word' id='word_1_134' title='bbox 750 1870 938 1950; x_wconf 83' lang='lat' dir='ltr'>acceperant</span> <span class='ocrx_word' id='word_1_135' title='bbox 966 1865 1122 1929; x_wconf 87' lang='lat' dir='ltr'>maiorem</span> <span class='ocrx_word' id='word_1_136' title='bbox 1144 1883 1297 1938; x_wconf 87' lang='lat' dir='ltr'>numerum,</span> 
     </span>
     <span class='ocr_line' id='line_1_16' title="bbox 141 1969 1297 2056; baseline -0.003 -23"><span class='ocrx_word' id='word_1_137' title='bbox 141 1992 206 2033; x_wconf 95' lang='lat' dir='ltr'>non</span> <span class='ocrx_word' id='word_1_138' title='bbox 229 1970 263 2034; x_wconf 91' lang='lat' dir='ltr'>in</span> <span class='ocrx_word' id='word_1_139' title='bbox 287 1993 360 2035; x_wconf 90' lang='lat' dir='ltr'>arca</span> <span class='ocrx_word' id='word_1_140' title='bbox 381 1973 554 2054; x_wconf 88' lang='lat' dir='ltr'>ponebant,</span> <span class='ocrx_word' id='word_1_141' title='bbox 578 1973 632 2036; x_wconf 86' lang='lat' dir='ltr'>sed</span> <span class='ocrx_word' id='word_1_142' title='bbox 656 1971 691 2035; x_wconf 91' lang='lat' dir='ltr'>in</span> <span class='ocrx_word' id='word_1_143' title='bbox 706 1971 815 2056; x_wconf 90' lang='lat' dir='ltr'>aliqua</span> <span class='ocrx_word' id='word_1_144' title='bbox 830 1971 910 2036; x_wconf 92' lang='lat' dir='ltr'>cella</span> <span class='ocrx_word' id='word_1_145' title='bbox 924 1971 1101 2054; x_wconf 84' lang='lat' dir='ltr'>stipabant,</span> <span class='ocrx_word' id='word_1_146' title='bbox 1124 1969 1157 2033; x_wconf 89' lang='lat' dir='ltr'>id</span> <span class='ocrx_word' id='word_1_147' title='bbox 1173 1972 1220 2034; x_wconf 90' lang='lat' dir='ltr'>est</span> <span class='ocrx_word' id='word_1_148' title='bbox 1232 1987 1297 2031; x_wconf 88' lang='lat' dir='ltr'>oom-</span> 
     </span>
     <span class='ocr_line' id='line_1_17' title="bbox 141 2073 1297 2160; baseline -0.003 -23"><span class='ocrx_word' id='word_1_149' title='bbox 141 2076 316 2158; x_wconf 91' lang='lat' dir='ltr'>ponebant,</span> <span class='ocrx_word' id='word_1_150' title='bbox 341 2098 405 2159; x_wconf 93' lang='lat' dir='ltr'>quo</span> <span class='ocrx_word' id='word_1_151' title='bbox 428 2077 534 2139; x_wconf 90' lang='lat' dir='ltr'>minus</span> <span class='ocrx_word' id='word_1_152' title='bbox 557 2076 619 2140; x_wconf 92' lang='lat' dir='ltr'>loci</span> <span class='ocrx_word' id='word_1_153' title='bbox 642 2080 827 2160; x_wconf 91' lang='lat' dir='ltr'>occuparet;</span> <span class='ocrx_word' id='word_1_154' title='bbox 852 2076 893 2140; x_wconf 89' lang='lat' dir='ltr'>ab</span> <span class='ocrx_word' id='word_1_155' title='bbox 917 2075 1065 2159; x_wconf 89' lang='lat' dir='ltr'>stipando</span> <span class='ocrx_word' id='word_1_156' title='bbox 1088 2074 1204 2159; x_wconf 89' lang='lat' dir='ltr'>stipem</span> <span class='ocrx_word' id='word_1_157' title='bbox 1219 2073 1297 2136; x_wconf 88' lang='lat' dir='ltr'>dicere</span> 
     </span>
     <span class='ocr_line' id='line_1_18' title="bbox 142 2175 1296 2267; baseline -0.003 -24"><span class='ocrx_word' id='word_1_158' title='bbox 142 2184 322 2263; x_wconf 89' lang='lat' dir='ltr'>coeperunt.</span> <span class='ocrx_word' id='word_1_159' title='bbox 369 2180 506 2264; x_wconf 76' lang='lat' dir='ltr'>Stips⁸</span> <span class='ocrx_word' id='word_1_160' title='bbox 537 2181 577 2244; x_wconf 91' lang='lat' dir='ltr'>ab</span> <span class='ocrx_word' id='word_1_161' title='bbox 601 2180 708 2267; x_wconf 80' lang='grc' dir='ltr'>στοιβή</span> <span class='ocrx_word' id='word_1_162' title='bbox 731 2181 867 2246; x_wconf 89' lang='lat' dir='ltr'>fortasse</span> <span class='ocrx_word' id='word_1_163' title='bbox 890 2217 942 2246; x_wconf 90' lang='lat'>·-.</span> <span class='ocrx_word' id='word_1_164' title='bbox 987 2179 1025 2245; x_wconf 95' lang='lat' dir='ltr'>Id</span> <span class='ocrx_word' id='word_1_165' title='bbox 1048 2185 1192 2265; x_wconf 90' lang='lat' dir='ltr'>apparet,</span> <span class='ocrx_word' id='word_1_166' title='bbox 1223 2175 1296 2262; x_wconf 83' lang='lat' dir='ltr'>quod,</span> 
     </span>
     <span class='ocr_line' id='line_1_19' title="bbox 142 2284 1294 2367; baseline -0.003 -19"><span class='ocrx_word' id='word_1_167' title='bbox 142 2290 179 2349; x_wconf 92' lang='lat' dir='ltr'>ut</span> <span class='ocrx_word' id='word_1_168' title='bbox 203 2289 272 2349; x_wconf 89' lang='lat' dir='ltr'>tum</span> <span class='ocrx_word' id='word_1_169' title='bbox 294 2287 497 2367; x_wconf 88' lang='lat' dir='ltr'>institutum,</span> <span class='ocrx_word' id='word_1_170' title='bbox 529 2287 626 2351; x_wconf 89' lang='lat' dir='ltr'>etiam</span> <span class='ocrx_word' id='word_1_171' title='bbox 654 2309 739 2350; x_wconf 91' lang='lat' dir='ltr'>nunc</span> <span class='ocrx_word' id='word_1_172' title='bbox 762 2287 821 2351; x_wconf 90' lang='lat' dir='ltr'>diis</span> <span class='ocrx_word' id='word_1_173' title='bbox 845 2309 917 2351; x_wconf 87' lang='lat' dir='ltr'>eum</span> <span class='ocrx_word' id='word_1_174' title='bbox 940 2284 1099 2351; x_wconf 88' lang='lat' dir='ltr'>thesauris</span> <span class='ocrx_word' id='word_1_175' title='bbox 1123 2307 1207 2350; x_wconf 91' lang='lat' dir='ltr'>asses</span> <span class='ocrx_word' id='word_1_176' title='bbox 1228 2284 1294 2358; x_wconf 86' lang='lat' dir='ltr'>dant,</span> 
     </span>
     <span class='ocr_line' id='line_1_20' title="bbox 144 2387 1296 2478; baseline -0.003 -24"><span class='ocrx_word' id='word_1_177' title='bbox 144 2391 260 2474; x_wconf 87' lang='lat' dir='ltr'>stipem</span> <span class='ocrx_word' id='word_1_178' title='bbox 283 2391 403 2472; x_wconf 91' lang='lat' dir='ltr'>dicunt,</span> <span class='ocrx_word' id='word_1_179' title='bbox 428 2396 460 2456; x_wconf 91' lang='lat' dir='ltr'>et</span> <span class='ocrx_word' id='word_1_180' title='bbox 483 2392 538 2477; x_wconf 87' lang='lat' dir='ltr'>qui</span> <span class='ocrx_word' id='word_1_181' title='bbox 560 2393 726 2477; x_wconf 90' lang='lat' dir='ltr'>pecuniam</span> <span class='ocrx_word' id='word_1_182' title='bbox 750 2393 874 2478; x_wconf 82' lang='lat' dir='ltr'>alligat,</span> <span class='ocrx_word' id='word_1_183' title='bbox 907 2392 1119 2477; x_wconf 90' lang='lat' dir='ltr'>stipulari</span> <span class='ocrx_word' id='word_1_184' title='bbox 1142 2395 1175 2456; x_wconf 84' lang='lat' dir='ltr'>et</span> <span class='ocrx_word' id='word_1_185' title='bbox 1196 2387 1296 2456; x_wconf 89' lang='lat' dir='ltr'>resti·</span> 
     </span>
     <span class='ocr_line' id='line_1_21' title="bbox 140 2494 1294 2581; baseline -0.001 -23"><span class='ocrx_word' id='word_1_186' title='bbox 140 2494 290 2578; x_wconf 88' lang='lat' dir='ltr'>pulari.</span> <span class='ocrx_word' id='word_1_187' title='bbox 340 2495 472 2561; x_wconf 80' lang='lat' dir='ltr'>Militis⁹</span> <span class='ocrx_word' id='word_1_188' title='bbox 497 2496 655 2580; x_wconf 81' lang='lat' dir='ltr'>stipendia-</span> <span class='ocrx_word' id='word_1_189' title='bbox 677 2498 758 2578; x_wconf 90' lang='lat' dir='ltr'>ideo,</span> <span class='ocrx_word' id='word_1_190' title='bbox 783 2498 867 2580; x_wconf 90' lang='lat' dir='ltr'>quod</span> <span class='ocrx_word' id='word_1_191' title='bbox 890 2519 960 2562; x_wconf 91' lang='lat' dir='ltr'>eam</span> <span class='ocrx_word' id='word_1_192' title='bbox 982 2497 1097 2581; x_wconf 87' lang='lat' dir='ltr'>stipem</span> <span class='ocrx_word' id='word_1_193' title='bbox 1121 2496 1294 2580; x_wconf 71' lang='lat' dir='ltr'>pendebant</span> 
     </span>
     <span class='ocr_line' id='line_1_22' title="bbox 141 2598 1294 2688; baseline -0.003 -25"><span class='ocrx_word' id='word_1_194' title='bbox 141 2601 182 2664; x_wconf 92' lang='lat' dir='ltr'>ab</span> <span class='ocrx_word' id='word_1_195' title='bbox 217 2623 253 2664; x_wconf 90' lang='lat' dir='ltr'>eo</span> <span class='ocrx_word' id='word_1_196' title='bbox 285 2601 382 2664; x_wconf 88' lang='lat' dir='ltr'>etiam</span> <span class='ocrx_word' id='word_1_197' title='bbox 404 2601 529 2665; x_wconf 81' lang='lat' dir='ltr'>Ennius</span> <span class='ocrx_word' id='word_1_198' title='bbox 559 2602 689 2666; x_wconf 83' lang='lat' dir='ltr'>scribit:</span> <span class='ocrx_word' id='word_1_199' title='bbox 723 2603 833 2668; x_wconf 88' lang='lat' dir='ltr'>‘Poeni</span> <span class='ocrx_word' id='word_1_200' title='bbox 856 2604 1014 2688; x_wconf 88' lang='lat' dir='ltr'>stipendia</span> <span class='ocrx_word' id='word_1_201' title='bbox 1036 2603 1198 2687; x_wconf 88' lang='lat' dir='ltr'>pendunt’.</span> <span class='ocrx_word' id='word_1_202' title='bbox 1240 2598 1294 2663; x_wconf 80' lang='lat'>183.</span> 
     </span>
     <span class='ocr_line' id='line_1_23' title="bbox 145 2698 1294 2793; baseline -0.004 -23"><span class='ocrx_word' id='word_1_203' title='bbox 145 2704 198 2770; x_wconf 82' lang='lat' dir='ltr'>Ab</span> <span class='ocrx_word' id='word_1_204' title='bbox 221 2708 330 2771; x_wconf 91' lang='lat' dir='ltr'>eodem</span> <span class='ocrx_word' id='word_1_205' title='bbox 353 2730 424 2773; x_wconf 89' lang='lat' dir='ltr'>aere</span> <span class='ocrx_word' id='word_1_206' title='bbox 446 2709 610 2792; x_wconf 91' lang='lat' dir='ltr'>pendendo</span> <span class='ocrx_word' id='word_1_207' title='bbox 634 2710 930 2793; x_wconf 86' lang='lat' dir='ltr'>dispensator,</span> <span class='ocrx_word' id='word_1_208' title='bbox 954 2698 1041 2774; x_wconf 61' lang='lat' dir='ltr'>et‘in</span> <span class='ocrx_word' id='word_1_209' title='bbox 1064 2707 1185 2772; x_wconf 91' lang='lat' dir='ltr'>tabulis</span> <span class='ocrx_word' id='word_1_210' title='bbox 1206 2701 1294 2770; x_wconf 91' lang='lat' dir='ltr'>scribi-</span> 
     </span>
     <span class='ocr_line' id='line_1_24' title="bbox 142 2811 1293 2896; baseline -0.003 -21"><span class='ocrx_word' id='word_1_211' title='bbox 142 2834 213 2876; x_wconf 91' lang='lat' dir='ltr'>mus</span> <span class='ocrx_word' id='word_1_212' title='bbox 247 2835 485 2896; x_wconf 81' lang='lat' dir='ltr'>expensum.</span> <span class='ocrx_word' id='word_1_213' title='bbox 520 2853 559 2859; x_wconf 92' lang='grc'>-</span> <span class='ocrx_word' id='word_1_214' title='bbox 593 2813 654 2878; x_wconf 92' lang='lat' dir='ltr'>Per</span> <span class='ocrx_word' id='word_1_215' title='bbox 686 2814 843 2879; x_wconf 88' lang='lat' dir='ltr'>trutinam</span> <span class='ocrx_word' id='word_1_216' title='bbox 874 2815 955 2880; x_wconf 84' lang='lat' dir='ltr'>solvi</span> <span class='ocrx_word' id='word_1_217' title='bbox 986 2813 1117 2879; x_wconf 89' lang='lat' dir='ltr'>solitum</span> <span class='ocrx_word' id='word_1_218' title='bbox 1147 2811 1293 2896; x_wconf 81' lang='lat' dir='ltr'>vestigium</span> 
     </span>
     <span class='ocr_line' id='line_1_25' title="bbox 143 2918 1292 3006; baseline -0.003 -24"><span class='ocrx_word' id='word_1_219' title='bbox 143 2918 274 2983; x_wconf 87' lang='lat' dir='ltr'>etiam¹⁰</span> <span class='ocrx_word' id='word_1_220' title='bbox 297 2943 381 2984; x_wconf 90' lang='lat' dir='ltr'>nunc</span> <span class='ocrx_word' id='word_1_221' title='bbox 404 2925 511 2985; x_wconf 91' lang='lat' dir='ltr'>manet</span> <span class='ocrx_word' id='word_1_222' title='bbox 533 2921 567 2984; x_wconf 91' lang='lat' dir='ltr'>in</span> <span class='ocrx_word' id='word_1_223' title='bbox 591 2922 666 2986; x_wconf 90' lang='lat' dir='ltr'>aede</span> <span class='ocrx_word' id='word_1_224' title='bbox 685 2921 825 3002; x_wconf 83' lang='lat' dir='ltr'>Saturni,</span> <span class='ocrx_word' id='word_1_225' title='bbox 849 2922 934 3006; x_wconf 89' lang='lat' dir='ltr'>quod</span> <span class='ocrx_word' id='word_1_226' title='bbox 962 2943 998 2986; x_wconf 90' lang='lat' dir='ltr'>ea</span> <span class='ocrx_word' id='word_1_227' title='bbox 1014 2920 1111 2985; x_wconf 89' lang='lat' dir='ltr'>etiam</span> <span class='ocrx_word' id='word_1_228' title='bbox 1126 2940 1208 2983; x_wconf 91' lang='lat' dir='ltr'>nunc</span> <span class='ocrx_word' id='word_1_229' title='bbox 1220 2935 1292 3000; x_wconf 90' lang='lat' dir='ltr'>prop·</span> 
     </span>
     <span class='ocr_line' id='line_1_26' title="bbox 142 3026 853 3112; baseline 0.008 -25"><span class='ocrx_word' id='word_1_230' title='bbox 142 3027 191 3088; x_wconf 90' lang='lat' dir='ltr'>ter</span> <span class='ocrx_word' id='word_1_231' title='bbox 213 3047 383 3108; x_wconf 89' lang='lat' dir='ltr'>pensuram</span> <span class='ocrx_word' id='word_1_232' title='bbox 406 3026 563 3092; x_wconf 87' lang='lat' dir='ltr'>trutinam</span> <span class='ocrx_word' id='word_1_233' title='bbox 584 3028 683 3093; x_wconf 88' lang='lat' dir='ltr'>babet</span> <span class='ocrx_word' id='word_1_234' title='bbox 705 3028 853 3112; x_wconf 87' lang='lat' dir='ltr'>positam.</span> 
     </span>
    </p>
   </div>
   <div class='ocr_carea' id='block_1_3' title="bbox 662 3215 811 3270">
    <p class='ocr_par' dir='ltr' id='par_1_3' title="bbox 662 3215 811 3270">
     <span class='ocr_line' id='line_1_27' title="bbox 662 3215 811 3270; baseline 0 -2"><span class='ocrx_word' id='word_1_235' title='bbox 662 3215 745 3270; x_wconf 86' lang='lat' dir='ltr'>Liber</span> <span class='ocrx_word' id='word_1_236' title='bbox 764 3216 811 3269; x_wconf 93' lang='lat' dir='ltr'>VI.</span> 
     </span>
    </p>
   </div>
   <div class='ocr_carea' id='block_1_4' title="bbox 140 3336 1291 3741">
    <p class='ocr_par' dir='ltr' id='par_1_4' title="bbox 140 3336 1291 3741">
     <span class='ocr_line' id='line_1_28' title="bbox 228 3336 1291 3424; baseline -0.003 -24"><span class='ocrx_word' id='word_1_237' title='bbox 228 3337 257 3402; x_wconf 85' lang='lat'>5.</span> <span class='ocrx_word' id='word_1_238' title='bbox 295 3336 497 3422; x_wconf 85' lang='lat' dir='ltr'>Suprema</span> <span class='ocrx_word' id='word_1_239' title='bbox 520 3363 678 3403; x_wconf 88' lang='lat' dir='ltr'>summum</span> <span class='ocrx_word' id='word_1_240' title='bbox 702 3340 780 3418; x_wconf 89' lang='lat' dir='ltr'>diei;</span> <span class='ocrx_word' id='word_1_241' title='bbox 804 3341 835 3404; x_wconf 92' lang='lat' dir='ltr'>id</span> <span class='ocrx_word' id='word_1_242' title='bbox 860 3341 900 3404; x_wconf 92' lang='lat' dir='ltr'>ab</span> <span class='ocrx_word' id='word_1_243' title='bbox 923 3340 1111 3424; x_wconf 87' lang='lat' dir='ltr'>superrimo.</span> <span class='ocrx_word' id='word_1_244' title='bbox 1150 3339 1215 3404; x_wconf 91' lang='lat' dir='ltr'>Hoc</span> <span class='ocrx_word' id='word_1_245' title='bbox 1230 3341 1291 3400; x_wconf 81' lang='lat' dir='ltr'>tem·</span> 
     </span>
     <span class='ocr_line' id='line_1_29' title="bbox 140 3440 1290 3529; baseline 0 -25"><span class='ocrx_word' id='word_1_246' title='bbox 140 3464 200 3524; x_wconf 89' lang='lat' dir='ltr'>pus</span> <span class='ocrx_word' id='word_1_247' title='bbox 223 3440 286 3505; x_wconf 86' lang='lat' dir='ltr'>XII</span> <span class='ocrx_word' id='word_1_248' title='bbox 302 3441 463 3507; x_wconf 87' lang='lat' dir='ltr'>tabulae¹¹</span> <span class='ocrx_word' id='word_1_249' title='bbox 480 3443 589 3507; x_wconf 89' lang='lat' dir='ltr'>dicunt</span> <span class='ocrx_word' id='word_1_250' title='bbox 605 3466 749 3509; x_wconf 90' lang='lat' dir='ltr'>occasum</span> <span class='ocrx_word' id='word_1_251' title='bbox 766 3468 832 3510; x_wconf 87' lang='lat' dir='ltr'>esse</span> <span class='ocrx_word' id='word_1_252' title='bbox 844 3446 936 3524; x_wconf 81' lang='lat' dir='ltr'>solis3</span> <span class='ocrx_word' id='word_1_253' title='bbox 962 3447 1015 3510; x_wconf 88' lang='lat' dir='ltr'>sed</span> <span class='ocrx_word' id='word_1_254' title='bbox 1031 3450 1142 3529; x_wconf 88' lang='lat' dir='ltr'>postea</span> <span class='ocrx_word' id='word_1_255' title='bbox 1157 3445 1206 3510; x_wconf 88' lang='lat' dir='ltr'>lex</span> <span class='ocrx_word' id='word_1_256' title='bbox 1221 3442 1290 3506; x_wconf 69' lang='lat' dir='ltr'>Pla</span> 
     </span>
     <span class='ocr_line' id='line_1_30' title="bbox 142 3536 1291 3636; baseline 0.003 -27"><span class='ocrx_word' id='word_1_257' title='bbox 142 3545 258 3610; x_wconf 79' lang='lat' dir='ltr'>toria¹²</span> <span class='ocrx_word' id='word_1_258' title='bbox 289 3548 322 3611; x_wconf 89' lang='lat' dir='ltr'>id</span> <span class='ocrx_word' id='word_1_259' title='bbox 345 3571 471 3634; x_wconf 89' lang='lat' dir='ltr'>quoque</span> <span class='ocrx_word' id='word_1_260' title='bbox 493 3554 619 3633; x_wconf 91' lang='lat' dir='ltr'>tempus</span> <span class='ocrx_word' id='word_1_261' title='bbox 643 3573 709 3615; x_wconf 89' lang='lat' dir='ltr'>esse</span> <span class='ocrx_word' id='word_1_262' title='bbox 731 3552 820 3616; x_wconf 89' lang='lat' dir='ltr'>iubet</span> <span class='ocrx_word' id='word_1_263' title='bbox 843 3574 1041 3635; x_wconf 90' lang='lat' dir='ltr'>supremum,</span> <span class='ocrx_word' id='word_1_264' title='bbox 1073 3573 1136 3636; x_wconf 90' lang='lat' dir='ltr'>quo</span> <span class='ocrx_word' id='word_1_265' title='bbox 1157 3536 1291 3636; x_wconf 84' lang='lat' dir='ltr'>praetor¹³</span> 
     </span>
     <span class='ocr_line' id='line_1_31' title="bbox 141 3653 924 3741; baseline 0.01 -27"><span class='ocrx_word' id='word_1_266' title='bbox 141 3653 174 3714; x_wconf 88' lang='lat' dir='ltr'>in</span> <span class='ocrx_word' id='word_1_267' title='bbox 197 3654 326 3717; x_wconf 88' lang='lat' dir='ltr'>comitio</span> <span class='ocrx_word' id='word_1_268' title='bbox 350 3677 530 3738; x_wconf 88' lang='lat' dir='ltr'>supremam</span> <span class='ocrx_word' id='word_1_269' title='bbox 553 3657 774 3740; x_wconf 87' lang='lat' dir='ltr'>pronuntiavit</span> <span class='ocrx_word' id='word_1_270' title='bbox 795 3658 924 3741; x_wconf 85' lang='lat' dir='ltr'>popule.</span> 
     </span>
    </p>
   </div>
   <div class='ocr_carea' id='block_1_5' title="bbox 140 3869 1292 4478">
    <p class='ocr_par' dir='ltr' id='par_1_5' title="bbox 140 3869 1292 4478">
     <span class='ocr_line' id='line_1_32' title="bbox 234 3869 1291 3952; baseline 0 -20"><span class='ocrx_word' id='word_1_271' title='bbox 234 3880 259 3947; x_wconf 86' lang='lat'>1)</span> <span class='ocrx_word' id='word_1_272' title='bbox 278 3878 339 3946; x_wconf 88' lang='lat' dir='ltr'>quis</span> <span class='ocrx_word' id='word_1_273' title='bbox 358 3879 392 3934; x_wconf 82' lang='lat' dir='ltr'>F.</span> <span class='ocrx_word' id='word_1_274' title='bbox 418 3910 451 3918; x_wconf 97' lang='lat'><strong>—</strong></span> <span class='ocrx_word' id='word_1_275' title='bbox 470 3879 498 3946; x_wconf 79' lang='grc'>2)</span> <span class='ocrx_word' id='word_1_276' title='bbox 516 3879 676 3948; x_wconf 88' lang='lat' dir='ltr'>pontificem</span> <span class='ocrx_word' id='word_1_277' title='bbox 695 3881 872 3950; x_wconf 75' lang='lat' dir='ltr'>Aupostc&#39;aus.</span> <span class='ocrx_word' id='word_1_278' title='bbox 891 3912 925 3921; x_wconf 95' lang='lat'><em>-</em></span> <span class='ocrx_word' id='word_1_279' title='bbox 945 3879 972 3952; x_wconf 82' lang='lat'>3)</span> <span class='ocrx_word' id='word_1_280' title='bbox 991 3884 1098 3936; x_wconf 89' lang='lat' dir='ltr'>certum</span> <span class='ocrx_word' id='word_1_281' title='bbox 1118 3881 1204 3935; x_wconf 89' lang='lat' dir='ltr'>alium</span> <span class='ocrx_word' id='word_1_282' title='bbox 1219 3869 1291 3944; x_wconf 76' lang='lat' dir='ltr'>legill·</span> 
     </span>
     <span class='ocr_line' id='line_1_33' title="bbox 143 3966 1288 4040; baseline -0.001 -20"><span class='ocrx_word' id='word_1_283' title='bbox 143 3985 219 4020; x_wconf 84' lang='lat' dir='ltr'>mum</span> <span class='ocrx_word' id='word_1_284' title='bbox 239 3983 386 4019; x_wconf 87' lang='lat' dir='ltr'>numerum</span> <span class='ocrx_word' id='word_1_285' title='bbox 405 3966 439 4021; x_wconf 78' lang='lat' dir='ltr'>L.</span> <span class='ocrx_word' id='word_1_286' title='bbox 460 3966 579 4037; x_wconf 75' lang='lat' dir='ltr'>Spcapel.</span> <span class='ocrx_word' id='word_1_287' title='bbox 607 3999 642 4007; x_wconf 90' lang='lat'>-</span> <span class='ocrx_word' id='word_1_288' title='bbox 659 3971 686 4037; x_wconf 89' lang='grc'>4)</span> <span class='ocrx_word' id='word_1_289' title='bbox 705 3969 889 4038; x_wconf 83' lang='lat' dir='ltr'>exigebantur</span> <span class='ocrx_word' id='word_1_290' title='bbox 908 3971 942 4024; x_wconf 73' lang='lat' dir='ltr'>F.</span> <span class='ocrx_word' id='word_1_291' title='bbox 960 4002 994 4009; x_wconf 98' lang='lat'><em>-</em></span> <span class='ocrx_word' id='word_1_292' title='bbox 1015 3971 1041 4040; x_wconf 88' lang='grc'>5)</span> <span class='ocrx_word' id='word_1_293' title='bbox 1059 3971 1154 4024; x_wconf 78' lang='lat' dir='ltr'>Aulul.</span> <span class='ocrx_word' id='word_1_294' title='bbox 1172 3970 1253 4037; x_wconf 79' lang='lat'>3,5‚52.</span> <span class='ocrx_word' id='word_1_295' title='bbox 1270 3985 1288 3994; x_wconf 66' lang='lat'><strong><em>‘</em></strong></span> 
     </span>
     <span class='ocr_line' id='line_1_34' title="bbox 141 4042 1291 4128; baseline 0.003 -23"><span class='ocrx_word' id='word_1_296' title='bbox 141 4057 167 4124; x_wconf 77' lang='lat' dir='ltr'>li)</span> <span class='ocrx_word' id='word_1_297' title='bbox 191 4055 233 4124; x_wconf 81' lang='lat' dir='ltr'>Of.</span> <span class='ocrx_word' id='word_1_298' title='bbox 252 4054 314 4108; x_wconf 61' lang='grc' dir='ltr'>(ἕατ’.</span> <span class='ocrx_word' id='word_1_299' title='bbox 333 4058 403 4122; x_wconf 80' lang='lat'>4,27.</span> <span class='ocrx_word' id='word_1_300' title='bbox 431 4085 465 4094; x_wconf 97' lang='lat'><em>-</em></span> <span class='ocrx_word' id='word_1_301' title='bbox 490 4058 517 4124; x_wconf 85' lang='grc'>7)</span> <span class='ocrx_word' id='word_1_302' title='bbox 535 4056 650 4111; x_wconf 86' lang='lat' dir='ltr'>librales</span> <span class='ocrx_word' id='word_1_303' title='bbox 669 4057 792 4111; x_wconf 80' lang='lat' dir='ltr'>Mueller.</span> <span class='ocrx_word' id='word_1_304' title='bbox 818 4088 852 4096; x_wconf 93' lang='lat'><em>-</em></span> <span class='ocrx_word' id='word_1_305' title='bbox 871 4056 898 4127; x_wconf 87' lang='grc'>8)</span> <span class='ocrx_word' id='word_1_306' title='bbox 917 4058 993 4126; x_wconf 88' lang='lat' dir='ltr'>stipa</span> <span class='ocrx_word' id='word_1_307' title='bbox 1010 4057 1045 4111; x_wconf 75' lang='lat' dir='ltr'>F.</span> <span class='ocrx_word' id='word_1_308' title='bbox 1064 4087 1097 4095; x_wconf 89' lang='lat'>—</span> <span class='ocrx_word' id='word_1_309' title='bbox 1116 4058 1144 4128; x_wconf 88' lang='grc'>9)</span> <span class='ocrx_word' id='word_1_310' title='bbox 1162 4042 1291 4109; x_wconf 67' lang='lat' dir='ltr'>militat</span> 
     </span>
     <span class='ocr_line' id='line_1_35' title="bbox 140 4134 1292 4215; baseline 0.002 -20"><span class='ocrx_word' id='word_1_311' title='bbox 140 4173 174 4180; x_wconf 93' lang='lat'><em>-</em></span> <span class='ocrx_word' id='word_1_312' title='bbox 205 4143 247 4212; x_wconf 86' lang='lat'>10)</span> <span class='ocrx_word' id='word_1_313' title='bbox 272 4141 330 4195; x_wconf 89' lang='lat' dir='ltr'>iam</span> <span class='ocrx_word' id='word_1_314' title='bbox 349 4142 383 4195; x_wconf 78' lang='lat' dir='ltr'>F.</span> <span class='ocrx_word' id='word_1_315' title='bbox 413 4174 442 4182; x_wconf 93' lang='lat'><em>-</em></span> <span class='ocrx_word' id='word_1_316' title='bbox 473 4143 516 4213; x_wconf 90' lang='grc'>11)</span> <span class='ocrx_word' id='word_1_317' title='bbox 536 4162 560 4198; x_wconf 86' lang='lat' dir='ltr'>c.</span> <span class='ocrx_word' id='word_1_318' title='bbox 579 4162 662 4214; x_wconf 79' lang='lat' dir='ltr'>supro</span> <span class='ocrx_word' id='word_1_319' title='bbox 676 4163 707 4214; x_wconf 83' lang='lat' dir='ltr'>p.</span> <span class='ocrx_word' id='word_1_320' title='bbox 725 4149 759 4199; x_wconf 87' lang='lat'>18</span> <span class='ocrx_word' id='word_1_321' title='bbox 777 4147 830 4201; x_wconf 81' lang='lat' dir='ltr'>tob.</span> <span class='ocrx_word' id='word_1_322' title='bbox 850 4150 898 4214; x_wconf 88' lang='lat'>1,9.</span> <span class='ocrx_word' id='word_1_323' title='bbox 920 4178 951 4185; x_wconf 94' lang='lat'>—</span> <span class='ocrx_word' id='word_1_324' title='bbox 974 4146 1015 4215; x_wconf 83' lang='grc'>12)</span> <span class='ocrx_word' id='word_1_325' title='bbox 1035 4145 1179 4215; x_wconf 87' lang='lat' dir='ltr'>praetoria</span> <span class='ocrx_word' id='word_1_326' title='bbox 1201 4142 1231 4197; x_wconf 83' lang='lat' dir='ltr'>F.</span> <span class='ocrx_word' id='word_1_327' title='bbox 1260 4134 1292 4189; x_wconf 54' lang='lat' dir='ltr'>Di</span> 
     </span>
     <span class='ocr_line' id='line_1_36' title="bbox 141 4220 1291 4302; baseline -0.001 -19"><span class='ocrx_word' id='word_1_328' title='bbox 141 4231 195 4299; x_wconf 66' lang='lat' dir='ltr'>repe</span> <span class='ocrx_word' id='word_1_329' title='bbox 223 4231 362 4284; x_wconf 61' lang='lat' dir='ltr'>Praetoria</span> <span class='ocrx_word' id='word_1_330' title='bbox 388 4231 447 4284; x_wconf 64' lang='lat' dir='ltr'>viee</span> <span class='ocrx_word' id='word_1_331' title='bbox 474 4248 557 4300; x_wconf 69' lang='lat' dir='ltr'>sopra</span> <span class='ocrx_word' id='word_1_332' title='bbox 580 4253 609 4302; x_wconf 70' lang='lat' dir='ltr'>p.</span> <span class='ocrx_word' id='word_1_333' title='bbox 628 4238 696 4302; x_wconf 68' lang='lat' dir='ltr'>aar.</span> <span class='ocrx_word' id='word_1_334' title='bbox 735 4233 776 4302; x_wconf 81' lang='lat' dir='ltr'>of.</span> <span class='ocrx_word' id='word_1_335' title='bbox 797 4235 871 4289; x_wconf 71' lang='lat' dir='ltr'>Pau</span> <span class='ocrx_word' id='word_1_336' title='bbox 890 4235 915 4290; x_wconf 78' lang='lat' dir='ltr'>a.</span> <span class='ocrx_word' id='word_1_337' title='bbox 930 4252 955 4288; x_wconf 73' lang='lat' dir='ltr'>o.</span> <span class='ocrx_word' id='word_1_338' title='bbox 976 4238 1113 4302; x_wconf 64' lang='lat' dir='ltr'>amara·</span> <span class='ocrx_word' id='word_1_339' title='bbox 1142 4220 1291 4286; x_wconf 72' lang='lat' dir='ltr'>russulis</span> 
     </span>
     <span class='ocr_line' id='line_1_37' title="bbox 142 4310 1291 4392; baseline -0.001 -21"><span class='ocrx_word' id='word_1_340' title='bbox 142 4320 221 4371; x_wconf 88' lang='lat' dir='ltr'>ortus</span> <span class='ocrx_word' id='word_1_341' title='bbox 240 4320 353 4371; x_wconf 85' lang='lat' dir='ltr'>tantum</span> <span class='ocrx_word' id='word_1_342' title='bbox 373 4321 401 4372; x_wconf 89' lang='lat' dir='ltr'>et</span> <span class='ocrx_word' id='word_1_343' title='bbox 419 4335 530 4375; x_wconf 87' lang='lat' dir='ltr'>occasus</span> <span class='ocrx_word' id='word_1_344' title='bbox 549 4322 746 4385; x_wconf 80' lang='lat' dir='ltr'>nominantur3</span> <span class='ocrx_word' id='word_1_345' title='bbox 767 4323 832 4392; x_wconf 91' lang='lat' dir='ltr'>post</span> <span class='ocrx_word' id='word_1_346' title='bbox 850 4322 960 4392; x_wconf 86' lang='lat' dir='ltr'>aliquot</span> <span class='ocrx_word' id='word_1_347' title='bbox 979 4339 1066 4376; x_wconf 90' lang='lat' dir='ltr'>annos</span> <span class='ocrx_word' id='word_1_348' title='bbox 1087 4320 1208 4374; x_wconf 86' lang='lat' dir='ltr'>adiectus</span> <span class='ocrx_word' id='word_1_349' title='bbox 1224 4315 1257 4371; x_wconf 82' lang='lat' dir='ltr'>est</span> <span class='ocrx_word' id='word_1_350' title='bbox 1270 4310 1291 4361; x_wconf 74' lang='lat' dir='ltr'>el</span> 
     </span>
     <span class='ocr_line' id='line_1_38' title="bbox 141 4397 1291 4478; baseline 0.003 -23"><span class='ocrx_word' id='word_1_351' title='bbox 141 4404 278 4468; x_wconf 89' lang='lat' dir='ltr'>meridies,</span> <span class='ocrx_word' id='word_1_352' title='bbox 299 4422 413 4461; x_wconf 88' lang='lat' dir='ltr'>accenso</span> <span class='ocrx_word' id='word_1_353' title='bbox 431 4407 576 4461; x_wconf 87' lang='lat' dir='ltr'>consulum</span> <span class='ocrx_word' id='word_1_354' title='bbox 595 4407 624 4461; x_wconf 91' lang='lat' dir='ltr'>id</span> <span class='ocrx_word' id='word_1_355' title='bbox 642 4409 853 4478; x_wconf 83' lang='lat' dir='ltr'>pronuntiante,</span> <span class='ocrx_word' id='word_1_356' title='bbox 873 4426 934 4462; x_wconf 88' lang='lat' dir='ltr'>cum</span> <span class='ocrx_word' id='word_1_357' title='bbox 954 4426 971 4462; x_wconf 89' lang='lat' dir='ltr'>a</span> <span class='ocrx_word' id='word_1_358' title='bbox 989 4410 1067 4463; x_wconf 87' lang='lat' dir='ltr'>curia</span> <span class='ocrx_word' id='word_1_359' title='bbox 1084 4409 1162 4463; x_wconf 87' lang='lat' dir='ltr'>intra</span> <span class='ocrx_word' id='word_1_360' title='bbox 1181 4409 1259 4463; x_wconf 79' lang='lat' dir='ltr'>rostra</span> <span class='ocrx_word' id='word_1_361' title='bbox 1270 4397 1291 4450; x_wconf 72' lang='lat' dir='ltr'>tl</span> 
     </span>
    </p>
   </div>
   <div class='ocr_carea' id='block_1_6' title="bbox 0 0 1474 4996">
    <p class='ocr_par' dir='ltr' id='par_1_6' title="bbox 0 0 1474 4996">
     <span class='ocr_line' id='line_1_39' title="bbox 0 0 1474 4996; baseline 0 1"><span class='ocrx_word' id='word_1_362' title='bbox 0 0 1474 4996; x_wconf 95' lang='lat' dir='ltr'> </span> 
     </span>
    </p>
   </div>
  </div>
 </body>
</html>
