2940 4996
153 281 218 346 200
389 354 392 359 Ι
595 272 695 328 Edicta
713 272 884 342 praetorum.

152 457 218 521 sive
241 455 324 540 quod
347 457 458 518 natum
482 451 552 531 erit,
576 454 731 534 utsupra
754 453 882 514 cautum
904 453 962 530 est,
984 449 1100 536 inspici
1115 473 1180 516 non
1195 451 1323 531 licuerit,

153 583 232 646 quas
254 559 365 643 ntique
388 558 527 622 actiones
549 578 601 620 me
616 555 766 620 daturum
780 556 932 639 polliceor
946 556 1007 636 his,
1032 557 1151 642 quibus
1173 581 1212 623 ex
1230 559 1324 624 edicto

152 687 222 730 meo
244 666 400 729 bonorum
422 660 577 746 possessio
599 660 674 724 data
697 662 754 738 sit,
778 683 840 741 eas,
864 661 891 726 si
914 661 994 726 mihi
1016 662 1103 727 iusta
1125 685 1222 728 causa
1244 665 1325 728 vide-

153 771 242 835 bitur
265 791 342 848 esse,
365 768 480 832 cinon
503 766 612 831 dabo¹.

69 875 135 954 ξςξξ]
242 872 276 938 Si
305 873 425 937 ventris
456 872 584 936 nomine
615 871 747 936 muliere
776 870 810 935 in
832 871 1063 954 possessionem
1092 872 1193 938 missa
1225 873 1328 938 eadem

153 979 309 1065 possessio
332 977 405 1042 dolo
427 978 511 1041 malo
534 976 575 1041 ad
597 976 696 1041 alium
722 976 881 1041 translata
904 999 970 1042 esse
992 976 1141 1043 dicetur².

70 1112 135 1147 aa.
243 1083 276 1149 si
307 1083 422 1148 mulier
453 1082 573 1148 ventris
607 1081 735 1146 nomine
761 1081 795 1144 in
818 1082 1015 1165 possessione
1037 1081 1219 1148 calumniae
1240 1106 1331 1147 causa

153 1189 252 1253 fuisse
275 1185 423 1252 dicetur⁸.

50 1297 146 1376 Upffssgfb
245 1293 299 1358 De
333 1291 518 1356 tutelis⁴.
573 1289 682 1376 (1-6.
718 1291 769 1358 De
800 1293 1073 1359 amministratione
1106 1299 1265 1375 totorum
1299 1297 1332 1360 dc

149 1399 240 1483 fobe
263 1395 396 1476 tutore⁶,·
426 1397 535 1461 tutelae
556 1396 604 1460 oel
624 1401 749 1477 contra;
777 1398 953 1462 rationibus
975 1398 1192 1464 distrahendis
1199 1424 1209 1480 ;
1231 1401 1270 1465 de
1292 1422 1330 1481 eo,

154 1504 208 1586 qui
225 1523 289 1585 pro
312 1507 412 1566 tutore
432 1501 555 1585 nepotis
575 1502 687 1584 possim
709 1502 747 1567 dc
768 1503 1004 1586 mopistrotibus
1026 1502 1290 1590 conveniendrs)⁶.

47 1614 141 1695 Usffissff’
240 1608 295 1673 De
317 1606 334 1671 f
340 1605 480 1672 nrtis⁷.
529 1606 557 1670 l.
582 1655 768 1672 ........
793 1608 832 1672 de
854 1608 947 1692 tigno
970 1607 1108 1674 iunct0⁸.

242 1712 273 1777 2.
300 1713 445 1778 .....⁹.
491 1735 519 1776 a.
543 1711 577 1776 Si
599 1711 636 1792 is,
662 1713 717 1796 qui
739 1717 930 1778 testamento
953 1713 1035 1778 liber
1056 1736 1124 1778 esse
1138 1713 1247 1779 iussus
1263 1715 1336 1793 erit,

153 1821 227 1902 post
259 1821 394 1882 mortem
427 1816 548 1881 domini
581 1821 656 1881 ante
679 1817 798 1881 aditam
821 1818 1031 1883 hereditatem
1055 1819 1255 1903 subripuisse
1278 1823 1336 1884 au!

154 1923 331 2008 corrupisse
354 1923 431 2007 quid
454 1921 621 1987 dicetur¹⁰.

240 2029 272 2092 b.
304 2026 397 2091 Furti
421 2026 570 2090 adversus
593 2030 708 2090 nautas
731 2047 889 2109 caupones
912 2026 1152 2093 stabularios¹¹.

240 2155 266 2198 e.
301 2131 336 2197 Si
358 2132 481 2197 familia
504 2132 626 2195 furtum
648 2130 759 2196 fecisse
782 2129 948 2196 dicetur¹².

240 2239 270 2303 d.
303 2237 392 2313 Quod
416 2235 539 2300 familia
561 2236 803 2320 publicanorum
826 2236 950 2301 furtum
973 2237 1085 2303 fecisse
1107 2235 1278 2314 dicetur¹³‚
1304 2260 1336 2303 ε

153 2345 187 2407 bi
219 2345 257 2408 ad
291 2365 369 2427 quos
401 2365 437 2406 ea
465 2364 514 2406 res
545 2342 717 2426 pertinebit
740 2363 804 2406 non
827 2342 1076 2424 exhibebuntur,
1108 2343 1145 2407 in
1169 2342 1336 2409 dominur:

154 2450 221 2513 sine
243 2469 345 2512 noxae
368 2446 525 2511 deditione
548 2447 700 2511 iudicium
722 2446 849 2512 dabo¹⁴.

241 2574 267 2616 e.
305 2548 468 2614 Arborum
491 2550 605 2615 furtim
628 2549 834 2615 caesarnm¹⁶.

71 2655 133 2732 {3:333
242 2656 299 2721 De
331 2656 425 2720 iure
459 2656 765 2740 patronatus¹⁶.
813 2655 841 2720 1.
876 2657 925 2720 De
956 2657 1061 2740 operis
1094 2657 1299 2724 libertornm¹

154 2763 183 2826 2.
219 2761 253 2827 Si
275 2763 433 2846 ingenuus
456 2783 522 2826 esse
545 2759 709 2825 dicetur¹⁸.

220 2939 322 3021 (Pars
345 2939 417 3003 ΠΙ.
453 2938 504 3005 De
525 2941 609 3004 iuris
630 2940 769 3019 conciliis,
793 2960 872 3020 quoe
893 2939 1025 3021 irnperio
1049 2942 1273 3022 contineatur.)

241 3079 298 3144 De
322 3079 521 3144 bonorum
543 3078 938 3163 possessionibus¹⁹.

75 3180 143 3212 ³⁹45

74 3225 116 3256 4.

45 3178 95 3258 351
119 3203 151 3260 a?
243 3184 281 3249 A.
307 3184 348 3250 Si
371 3187 543 3250 tabulae
566 3182 1077 3250 testamentiextabunt²⁰
1101 3187 1190 3270 (noa
1203 3187 1336 3258 minut

224 3395 248 3466 1)
266 3395 303 3451 D.
322 3396 461 3461 25‚4,1,10.
486 3423 520 3431 -
539 3394 566 3462 2)
586 3392 671 3446 Robr.
691 3392 729 3446 D.
748 3395 809 3461 25‚5
837 3424 867 3432 -
888 3393 915 3461 3)
937 3392 1022 3447 Robr.
1042 3393 1080 3447 D.
1099 3398 1175 3463 25‚6=
1203 3402 1265 3450 ‘esse
1291 3394 1328 3450 di-

152 3482 246 3535 cetur’.
274 3482 360 3535 Indos
379 3480 472 3535 Flora
492 3479 584 3534 ‘fuisse
597 3479 726 3534 dicatnr’.
746 3511 778 3520 -
797 3482 825 3549 4)
838 3481 922 3535 Rubr.
938 3481 975 3534 D.
985 3485 1053 3550 26,1.
1068 3513 1103 3522 -
1117 3483 1145 3552 5)
1158 3483 1234 3540 mP.
1245 3485 1320 3548 §122

154 3598 186 3606 -
206 3570 233 3633 6)
255 3567 296 3636 of.
315 3569 387 3621 rua.
407 3566 444 3619 1).
457 3568 534 3633 26‚7‚·
551 3568 698 3633 ane-sa.
718 3597 747 3604 -
772 3569 799 3632 7)
818 3566 902 3622 Reor.
922 3567 959 3619 D.
973 3572 1043 3636 aaa,
1062 3570 1097 3638 cf.
1111 3570 1149 3626 1).
1161 3571 1315 3639 soporata

153 3655 237 3709 Ioc'tt'o
264 3655 344 3708 buius
372 3655 447 3708 tituli
471 3671 563 3708 earum
589 3656 738 3721 actionum,
767 3672 835 3723 quoe
860 3657 919 3709 iare
946 3658 1021 3711 cicili
1046 3674 1079 3711 ec
1091 3659 1173 3726 furto
1194 3661 1309 3724 oricum

147 3742 286 3811 formulae
308 3743 465 3811 propositae
490 3747 575 3795 erant.
612 3741 772 3808 Romulae,
799 3759 853 3810 quo
880 3761 940 3797 curn
965 3746 1104 3813 perscribo
1131 3746 1164 3800 de
1176 3747 1253 3814 sarto
1272 3759 1308 3799 rc

152 3827 295 3896 mooo‘esto
321 3830 424 3897 opiter,
448 3835 554 3897 portem
577 3829 680 3883 exbibet
709 3829 770 3884 Gai.
789 3833 857 3897 4,37.
888 3861 917 3869 --
945 3831 974 3900 8)
1000 3832 1085 3887 Rubr.
1105 3833 1143 3887 D.
1162 3838 1229 3902 47,3.
1248 3862 1272 3871 -
1287 3832 1305 3896 9)

152 3914 308 3984 Sequuntur
333 3917 463 3983 aciones,
492 3933 560 3984 quos
585 3918 643 3984 ipse
662 3923 774 3985 praetor
797 3935 829 3971 ex
852 3935 934 3972 causo
946 3919 1024 3988 furti
1040 3921 1200 3977 introducit.
1222 3951 1256 3963 -
1274 3921 1304 3989 10)

153 4003 238 4057 Robr.
267 4002 303 4056 D.
332 4007 400 4070 47,4.
429 4033 463 4042 -
491 4003 533 4073 11)
559 4003 644 4058 Rubr.
664 4004 701 4057 D.
726 4008 793 4072 47‚5.
826 4037 850 4043 -
886 4006 928 4076 12)
955 4007 1040 4061 Robr.
1067 4007 1106 4062 D.
1129 4012 1198 4077 47‚6.
1225 4039 1257 4050 -
1277 4009 1308 4073 13)

152 4091 229 4160 Quod
245 4093 275 4143 in
293 4089 358 4160 Dr'p.
376 4090 426 4143 boc
444 4090 501 4144 loco
519 4092 632 4160 tepitur:
660 4092 737 4146 ‘item
762 4094 786 4146 si
805 4093 940 4159 damnum
959 4094 1064 4150 iniuria
1083 4096 1198 4161 feccrit,
1223 4099 1270 4152 aut
1283 4097 1310 4153 ab

151 4178 274 4246 Ulpiano
292 4180 342 4232 aut
361 4195 378 4231 a
398 4177 567 4234 Triboniano
587 4179 698 4234 videtur
716 4197 773 4234 esse
791 4181 936 4238 insertum.
966 4213 998 4221 -
1029 4184 1071 4247 14)
1090 4183 1128 4237 D.
1139 4188 1271 4252 39‚4,12‚1.
1286 4217 1312 4227 -

153 4266 193 4329 15)
213 4265 296 4320 Reor.
316 4264 353 4316 D.
372 4268 440 4332 rar.
469 4296 503 4303 -
533 4268 576 4332 10)
595 4267 679 4322 acor.
701 4267 739 4320 1).
758 4272 840 4337 37,14.
862 4301 892 4308 -
915 4269 957 4339 17)
977 4268 1061 4323 Rutr.
1082 4270 1121 4324 D.
1141 4275 1209 4340 een.
1227 4302 1264 4312 -
1280 4274 1317 4347 18)

153 4351 236 4406 Rubr.
256 4353 293 4407 1).
312 4357 396 4417 40,14.
417 4384 448 4392 -
470 4352 513 4421 19)
532 4352 616 4407 Rubr.
635 4354 672 4409 D.
691 4357 759 4423 37‚1.
780 4385 811 4393 -
832 4355 876 4423 20)
896 4355 982 4412 Rubr.
1001 4356 1039 4412 D.
1059 4360 1131 4428 37st.
