2940 4996
264 320 287 385 4
764 316 852 388 Leges
871 318 974 388 regiae.

265 499 372 586 θήκας
388 499 423 562 δέ
439 499 541 562 ἔδωκε
555 507 619 574 τοῖς
634 499 808 583 πατρικίοις
824 502 896 575 τοὺς
909 499 1106 586 δημοτικούς,
1124 498 1294 585 ἐπιτρέψας
1309 499 1448 585 ἑκάστῳ,

266 644 307 652 -
331 606 365 669 δν
389 606 484 679 αὐτός
508 603 654 692 ἐβούλετο
678 604 779 691 νέμειν
801 605 991 691 προστάτην,
1011 642 1056 652 -
1070 605 1265 689 πατρωνείαν
1288 606 1449 692 ὀνομάσας

262 714 319 797 την
341 709 543 794 προστασίαν.

354 817 384 880 2.
409 815 506 880 Diem.
530 814 635 899 (2,1())
648 815 673 878 :¹
695 812 755 878 Ἦν
778 814 813 878 δέ
836 817 876 878 τὰ
899 813 952 878 ὑπ’
974 814 1095 879 ἐκείνου
1117 816 1189 881 τότε
1212 815 1383 900 ὁρισθέντα
1405 855 1450 865 -

265 921 325 1006 ἔθη
353 922 424 1004 περί
455 924 511 996 τὰς
538 918 733 1003 πατρωνείας
756 920 881 984 τοιάδε·
914 923 986 995 τοὺς
1011 921 1066 1004 μέν
1089 920 1274 1007 πατρικίους
1298 922 1362 987 ἔδει
1384 931 1451 996 τοῖς

264 1025 383 1090 ἑαυτῶν
407 1025 557 1102 πελάταις
581 1025 763 1111 ἐξηγεῖσθαι
786 1029 825 1089 τὰ
849 1025 965 1106 δίκαια,
991 1025 1147 1102 -δίκας
1171 1049 1206 1091 τε
1220 1028 1299 1111 ὑπὲρ
1315 1036 1379 1092 τῶν
1395 1049 1451 1092 πε-

264 1131 369 1196 λατων
393 1130 607 1216 ἀδικουμένων
631 1130 801 1215 λαγχάνειν
828 1170 872 1179 -
888 1134 943 1196 καί
966 1141 1030 1208 τοῖς
1047 1132 1237 1216 ἐγκαλοῦσιν
1250 1132 1379 1218 ὑπέχειν
1396 1173 1450 1196 -.

262 1240 335 1312 τοὺς
359 1237 394 1300 δὲ
417 1237 557 1312 πελάτας
589 1237 651 1300 ἔδει
680 1246 744 1312 τοῖς
767 1236 887 1303 ἑαυτῶν
910 1239 1099 1321 προστάταις
1121 1238 1302 1324 θυγατέρας
1325 1260 1360 1303 τε
1377 1259 1450 1302 συν-

266 1341 453 1406 εκδίδοσθαι
475 1340 691 1427 γαμουμένας,
721 1342 748 1405 εἰ
770 1341 946 1420 σπανίζοιεν
970 1342 999 1405 oi
1021 1342 1154 1426 πατέρες
1177 1343 1361 1429 χρημάτων,
1393 1344 1451 1406 καί

265 1446 365 1529 λύτρα
388 1445 600 1533 καταβάλλειν
623 1444 792 1530 πολεμίοις,
816 1447 910 1522 εἴτις
934 1448 1035 1511 αὐτῶν
1059 1450 1080 1534 ἢ
1103 1448 1223 1513 παίδων
1246 1447 1452 1533 αἰχμάλωτος

266 1552 398 1637 γένοιτο·
424 1552 514 1626 δίκας
536 1574 571 1616 τε
593 1551 732 1615 ἁλόντων
757 1551 835 1627 ἰδίας
857 1553 878 1637 ἢ
902 1551 1013 1639 ζημίας
1036 1553 1196 1637 ὀφλόντων
1220 1553 1373 1640 δημοσίας
1393 1554 1450 1637 ἀρ-

262 1661 393 1742 γυρικόν
419 1657 554 1743 ἐχούσας
574 1657 692 1744 τίμημα
709 1657 825 1722 ἐκτῶν
843 1656 927 1721 ἰδίων
942 1656 1077 1722 λόεσθαι
1092 1659 1263 1744 χρημάτων
1279 1698 1331 1722 -.
1353 1669 1449 1744 κοινῇ

265 1761 293 1827 δ’
315 1761 503 1847 ἀμφοτέροις
526 1764 598 1827 οὔτε
631 1765 715 1826 ὅσιον
739 1765 810 1827 οὔτε
835 1762 924 1847 θέμις
947 1765 985 1849 ην
1009 1774 1198 1850 κατηγορεῖν
1221 1763 1371 1848 ἀλλήλων
1395 1765 1449 1828 ἐπί

265 1868 355 1944 δίκας
378 1870 399 1954 ἢ
423 1878 677 1952 καταμαρτυρεῖν
699 1870 720 1954 ἢ
743 1868 848 1955 ψῆφον
872 1869 1012 1935 ἐναντίαν
1033 1868 1189 1953 ἐπιφέρειν
1211 1907 1265 1934 -.
1298 1870 1325 1934 εἰ
1347 1868 1383 1933 δέ
1398 1891 1446 1945 τις

266 1973 471 2060 ἐξελεγχθείη
503 1974 623 2038 τούτων
651 1996 680 2037 τι
703 1974 983 2059 διαπραττόμενος,
1018 1977 1129 2060 ἔνοχος
1152 1978 1190 2062 ην
1213 1984 1257 2061 τῷ
1281 1974 1366 2060 νόμῳ
1391 1985 1449 2061 τῆς

262 2079 444 2162 προδοσίας,
469 2080 502 2142 όν
527 2079 687 2163 ἐκόρωσεν
711 2079 915 2165 όῬωμὺλος,
938 2084 992 2145 τόν
1015 2081 1050 2144 δέ
1067 2081 1184 2146 ἁλόντα
1203 2089 1246 2166 τῷ
1263 2079 1447 2167 βουλομένῳ

264 2183 396 2248 κτείνειν
420 2186 503 2248 ὅσιον
526 2187 565 2270 ἦν
588 2184 631 2260 ὡς
653 2185 743 2268 θῦμα
766 2192 821 2248 τοῦ
845 2186 1061 2270 καταχθονίου
1084 2184 1196 2262 Διός.2

351 2293 380 2357 3.
412 2290 509 2356 Diem.
534 2291 731 2376 (2,12.14)ι8
766 2290 803 2357 Ὁ
827 2293 862 2356 δέ
883 2291 1044 2377 Ῥωμύλος
1068 2292 1176 2376 ἐπειδὴ
1199 2297 1298 2354 ταῦτα
1322 2291 1446 2356 διεκόσ-

261 2417 351 2481 μησε,
375 2397 547 2484 βουλευτάς
571 2398 668 2473 εὐθὺς
691 2399 772 2481 έγνω
796 2397 1069 2483 καταστήσασθαι,
1094 2394 1166 2481 μεθ’
1181 2397 1225 2458 ὢν
1240 2395 1388 2479 πράττειν
1404 2400 1445 2461 τά

261 2505 355 2565 κοινά
377 2502 519 2588 ἔμελλεν,
544 2503 583 2566 ἐκ
606 2512 668 2568 τῶν
691 2502 865 2590 πατρικίων
888 2504 1004 2587 ἄνδρας
1021 2503 1136 2568 ἑκατόν
1152 2500 1384 2585 ἐπιλεξάμενος.
1399 2541 1444 2550 -

428 2649 472 2658 —a

334 2751 358 2812 l)
377 2746 581 2813 (constitutum
599 2748 668 2800 tunc
688 2749 730 2802 est
749 2747 786 2800 ab
805 2747 856 2802 illo
874 2746 916 2799 ius
934 2747 1103 2816 patronatus
1121 2746 1192 2800 tale:
1212 2744 1346 2815 patricios
1359 2764 1442 2816 opor·

261 2835 345 2890 tebat
363 2834 513 2889 clientibus
533 2834 589 2886 suis
609 2834 652 2887 ius
670 2834 862 2904 interpretari,
881 2834 945 2889 lites
964 2852 1014 2903 pro
1031 2835 1078 2900 eis,
1097 2833 1121 2888 si
1133 2833 1238 2888 iniuria
1251 2833 1441 2899 afficerentur,

262 2922 418 2986 intendere,
438 2922 590 2991 agentibus
610 2921 719 2986 adesse;
738 2922 855 2976 clientes
874 2938 940 2976 vero
959 2921 1106 2990 oportebat
1120 2923 1256 2989 patronos
1268 2938 1331 2975 suos
1344 2923 1445 2977 iuvare

264 3009 295 3064 in
314 3008 486 3065 collocandis
506 3009 629 3072 filiabus,
653 3009 677 3063 si
694 3011 825 3078 parentes
844 3009 942 3078 opibus
959 3011 1097 3072 carerent,
1115 3009 1152 3064 ab
1161 3007 1288 3064 hostibus
1307 3009 1446 3066 redimere

263 3114 308 3153 eos
326 3097 350 3150 si
368 3097 423 3167 ipsi
443 3100 493 3152 aut
512 3097 594 3152 liberi
607 3097 684 3166 capti
697 3099 796 3160 essent,
816 3099 845 3150 et
857 3095 952 3150 litium
964 3098 1025 3149 tam
1038 3096 1218 3165 privatarum
1230 3095 1445 3153 aestimationes

262 3202 348 3253 quam
369 3184 496 3253 publicas
515 3185 634 3250 multas,
663 3185 687 3238 si
705 3183 884 3240 condemnati
903 3186 1007 3248 essent,
1032 3202 1083 3253 pro
1101 3183 1141 3238 eis
1159 3184 1274 3239 solvere.
1311 3182 1442 3239 Commu-

260 3271 336 3327 niter
361 3274 456 3327 autem
475 3271 601 3342 utrisque
624 3273 668 3326 ius
686 3272 785 3341 fasque
803 3289 860 3327 non
878 3273 940 3326 erat
957 3271 1077 3326 invicem
1096 3288 1124 3326 se
1143 3288 1285 3336 accusare,
1313 3272 1443 3328 testimo·

260 3359 339 3413 nium
359 3361 508 3416 adversum
527 3362 650 3415 alterum
670 3360 760 3416 dicere
787 3360 832 3415 vel
853 3358 1020 3429 suffragium
1043 3362 1141 3415 contra
1162 3377 1226 3414 eum
1247 3360 1327 3415 ferre.
1362 3359 1444 3426 Quod

262 3447 286 3500 si
305 3447 367 3516 quis
385 3448 522 3504 eiusmodi
542 3448 660 3503 alicuius
679 3448 811 3504 facinoris
831 3446 973 3504 convictus
987 3449 1066 3514 esset,
1086 3447 1256 3517 proditionis
1268 3448 1338 3516 lege,
1357 3466 1445 3517 quam

262 3533 398 3590 Romulus
417 3539 560 3602 sanxerat,
579 3537 714 3593 obnoxius
733 3536 797 3602 fuit,
816 3553 935 3606 eumque
947 3535 1110 3600 interficere,
1131 3537 1164 3589 ut
1177 3534 1237 3589 Diti
1249 3551 1368 3602 sacrum,
1389 3536 1448 3590 cui-

260 3621 331 3678 libet
356 3622 481 3694 licebat.)
521 3625 562 3693 Of.
583 3625 656 3679 Plut.
677 3624 755 3679 Rern.
774 3627 814 3678 13.
843 3655 876 3664 -
895 3625 923 3692 2)
947 3624 1027 3678 Vetas
1045 3629 1084 3678 est
1101 3623 1271 3692 disceptatio,
1298 3629 1391 3678 etrum
1409 3634 1447 3694 τῷ

260 3715 332 3780 νόμω
351 3717 400 3779 της
419 3717 560 3780 προδοσίας
586 3714 719 3784 generalis
746 3714 778 3767 de
790 3713 945 3783 proditione
963 3713 1006 3766 lex
1024 3714 1060 3767 sit
1077 3711 1261 3782 intelleqemde,
1280 3727 1335 3780 qma
1348 3720 1446 3781 patro·

260 3815 313 3852 κιω
331 3815 434 3868 queque
452 3801 585 3855 obiexim
600 3801 662 3870 fieri
674 3803 809 3871 potuerit,
837 3819 874 3856 αιι
891 3801 1017 3869 spectetis
1035 3800 1067 3854 de
1080 3800 1195 3869 petrem
1213 3798 1340 3854 adversim
1363 3802 1446 3856 clien-

260 3893 311 3941 tem
325 3888 435 3957 fraude.
472 3888 550 3942 Illud
563 3895 628 3958 post
645 3890 715 3943 aiios
732 3889 851 3959 defendit
869 3889 956 3943 Dicet
975 3888 1123 3957 (Versucte
1135 3906 1165 3957 ρ.
1184 3888 1237 3953 15),
1257 3888 1372 3942 altermm
1390 3906 1446 3944 rec·

262 3977 316 4030 tius
335 3976 447 4031 dettim
467 3977 633 4045 (perduellio,
649 3994 679 4046 ρ.
692 3980 800 4046 21—7).
836 3976 960 4031 Eandem
979 3993 1033 4031 esse
1046 3977 1135 4046 leuem,
1154 3992 1234 4044 quum
1254 3976 1324 4028 XII
1336 3976 1448 4032 tabidae

262 4066 323 4130 8,21
346 4064 484 4132 exhibeat,
513 4067 653 4134 repetitam
678 4067 779 4121 sedicet
805 4083 818 4120 e
843 4066 955 4121 Remuli
980 4066 1094 4137 lembus,
1121 4066 1179 4119 aeri
1203 4066 1289 4120 simile
1316 4072 1361 4120 est.
1401 4066 1445 4136 Of.

262 4150 390 4220 Dirlesem,
410 4153 456 4223 leq.
469 4169 521 4222 my.
541 4156 601 4207 286.
628 4153 785 4223 Mommsen,
804 4144 996 4224 Forsebmeqem
1013 4157 1091 4222 1,384
1102 4171 1128 4208 ιι.
1139 4156 1181 4206 52.
1204 4182 1235 4191 -
1254 4154 1281 4221 3)
1296 4152 1445 4221 (Romulus

260 4255 322 4292 cum
351 4238 420 4293 haec
437 4239 642 4308 constituisset,
672 4241 844 4298 consultores
866 4242 1016 4298 instituere
1040 4242 1178 4306 decrevit,
1206 4241 1370 4311 quibuscum
1396 4260 1441 4298 res

260 4325 390 4395 publices
410 4326 632 4392 administraret,
653 4347 667 4383 e
684 4329 813 4399 patriciis
830 4330 937 4386 Oviros
956 4331 1072 4400 eligens.
1102 4328 1152 4382 His
1165 4328 1328 4385 constitutis
1347 4328 1444 4383 distri·

259 4413 322 4467 buit
346 4415 515 4484 potestates,
544 4433 614 4484 quas
639 4434 864 4490 unumquemque
887 4419 991 4474 bebere
1015 4419 1139 4475 volebat.
1175 4418 1216 4473 Ac
1241 4417 1302 4488 regi
1325 4417 1441 4488 quidem
