2954 5010
584 289 685 346 Edicta
703 289 875 361 praetorum.
1256 282 1319 352 199

104 534 107 540 .
235 470 294 535 Ι)1
315 467 588 553 inspiciendo
610 470 758 533 ventre
781 464 1144 549 custodiendoque
1174 460 1316 549 partu¹.
1336 493 1401 528 na

145 575 180 642 si
203 575 319 640 mulier
340 577 466 639 mortuo
489 574 604 638 marito
627 576 834 658 praegnatem
856 595 889 637 se
911 594 977 636 esse
999 571 1091 650 dicet,
1115 569 1165 634 his
1184 569 1224 633 ad
1240 589 1318 652 quos

145 703 257 746 11111
288 679 461 764 pertinebit
491 679 785 763 procuratoribusve
808 699 916 743 eorum
939 676 1045 741 bisin
1068 696 1175 740 mense
1197 674 1318 739 denun-

144 785 294 850 tiandum
314 787 413 861 curet,
448 786 484 848 ut
505 784 647 862 mittant,
681 783 708 847 si
731 783 839 863 velint,
873 804 955 867 quae
976 784 1118 847 ventrem
1141 779 1318 862 inspicient.

146 889 325 982 mittantur
344 893 450 954 autem
472 888 619 953 mulieres
641 888 760 952 liberae
782 888 951 952 dumtaxat
973 886 1114 971 quinque
1135 884 1258 967 haeque
1277 882 1320 947 si·

144 994 212 1058 mul
238 1015 348 1058 omnes
370 993 558 1078 inspiciant,
590 993 666 1057 dum
688 1015 728 1057 ne
751 1014 814 1076 qua
837 1014 946 1057 earum
968 992 1044 1055 du'm
1067 989 1197 1074 inspicit
1219 988 1322 1052 invita

145 1099 282 1163 muliere
304 1102 446 1164 ventrem
469 1100 593 1182 tangat.
616 1097 731 1162 mulier
753 1097 787 1160 in
810 1097 905 1161 domu
922 1095 1163 1161 honestissimae
1185 1092 1321 1159 feminae

144 1203 271 1288 pariat,
307 1224 403 1286 quam
425 1223 485 1288 ego
508 1202 709 1268 constituam.
746 1202 860 1266 mulier
883 1205 958 1266 ante
980 1202 1045 1266 dies
1067 1200 1203 1285 triginta
1225 1221 1322 1283 quam

146 1309 329 1392 parituram
352 1330 385 1372 se
407 1310 511 1392 putat,
534 1307 701 1372 denunciet
723 1307 774 1372 his
797 1307 836 1371 ad
859 1329 938 1391 quos
959 1329 996 1372 ea
1011 1327 1060 1370 res
1076 1303 1224 1388 pertinet,
1247 1325 1322 1387 pro-

146 1412 388 1478 curatoribusve
411 1433 529 1491 eorum,
562 1414 599 1475 ut
621 1411 763 1490 mittant,
786 1411 813 1475 si
836 1411 945 1491 velint,
970 1410 1026 1496 qui
1047 1412 1192 1474 ventrem
1214 1411 1319 1472 custo'·

147 1517 249 1582 diant.
285 1517 320 1581 in
343 1539 405 1602 quo
427 1517 568 1582 conclavi
591 1515 705 1580 mulier
727 1515 871 1600 paritura
886 1516 956 1596 erit,
980 1514 1026 1579 ibi
1041 1535 1082 1577 ne
1096 1513 1202 1596 plures
1217 1512 1322 1578 aditus

146 1622 214 1687 sint
239 1622 458 1706 qnam'unus:
481 1622 509 1686 si
524 1625 627 1701 erunt,
651 1644 689 1686 ex
704 1625 839 1704 utraque
855 1625 945 1705 parte
961 1620 1079 1685 tabulis
1094 1617 1321 1703 praefigantur.

146 1732 225 1792 ante
247 1727 366 1792 ostium
388 1728 455 1792 eius
478 1727 636 1792 conclavis
658 1726 749 1792 liberi
771 1730 836 1790 tres
859 1729 891 1790 et
912 1729 977 1790 tres
999 1724 1118 1789 liberae
1140 1745 1212 1788 cum
1237 1722 1322 1787 binis

146 1831 319 1897 comitibus
342 1833 531 1899 custodiant.
567 1833 849 1917 quotienscumque
871 1853 908 1896 11
930 1830 1044 1895 mulier
1066 1830 1100 1893 in
1122 1829 1155 1893 id
1174 1828 1322 1893 conclave

147 1938 278 2003 aliudve
300 1938 384 2022 quod
406 1939 528 2004 sivein
550 1938 712 2002 balineum
734 1937 804 2017 ibit,
828 1936 982 2015 custodes,
1005 1936 1034 1999 si
1056 1933 1173 2013 volent,
1197 1933 1230 1997 id
1249 1937 1323 1999 ante

145 2042 346 2127 prospiciant
368 2047 400 2108 et
422 2063 474 2108 eos
498 2043 553 2128 qui
574 2041 757 2108 introierint
779 2042 949 2107 excutiant.
984 2039 1140 2118 custodes,
1170 2039 1225 2123 qui
1249 2043 1323 2104 ante

148 2147 299 2213 conclave
321 2148 417 2232 positi
440 2152 543 2230 erunt,
567 2150 595 2213 si
610 2149 726 2229 volent,
749 2168 867 2227 omnes,
892 2147 947 2231 qui
960 2145 1108 2211 'conclave
1124 2146 1180 2208 aut
1194 2143 1323 2208 domum

147 2252 350 2333 introierint,
383 2255 554 2319 excutiant.
592 2255 720 2334 mulier,
752 2275 824 2318 cum
856 2253 1015 2338 parturire
1037 2249 1179 2334 incipiat,
1209 2249 1260 2314 his
1283 2251 1323 2315 ad

148 2381 229 2444 quos
253 2383 291 2425 11
314 2383 362 2426 111
384 2361 524 2445 pertinet
545 2361 842 2446 procuratoribusve
869 2382 977 2426 eorum
998 2353 1172 2434 denuntiet,
1195 2354 1322 2419 1111111-

149 2468 231 2544 tant,
248 2464 364 2556 quibus
376 2466 596 2548 praesentibus
611 2465 724 2549 pariat.
748 2465 921 2529 mittantur
935 2461 1082 2527 mulieres
1097 2458 1215 2522 liberae
1231 2458 1323 2522 dum-

149 2572 241 2634 taxat
274 2569 432 2654 quinque‚
464 2572 511 2635 ita
532 2575 569 2635 ut
602 2572 727 2654 praeter
749 2568 933 2634 obstetrices
957 2567 1035 2631 duas
1067 2564 1100 2626 in
1123 2584 1159 2627 1ο
1182 2562 1323 2627 conclavi

149 2695 189 2738 ne
222 2673 331 2758 plures
360 2675 508 2740 mulieres
541 2675 661 2738 liberae
692 2674 757 2738 sint
787 2685 883 2758 quam
905 2673 1028 2749 decem,
1064 2668 1196 2732 ancillae
1228 2690 1324 2751 quam

150 2800 214 2843 111.
256 2778 334 2859 hae,
368 2802 449 2864 quae
475 2781 563 2845 intus
585 2779 713 2845 futurae
735 2782 845 2857 erunt,
876 2777 1078 2842 excutiantur
1100 2794 1207 2838 omnes
1230 2772 1264 2835 in
1287 2794 1324 2836 eo

151 2883 305 2964 conclavi,
328 2907 368 2949 ne
390 2908 453 2969 qua
475 2908 632 2972 praegnas
655 2885 706 2951 sit.
739 2885 802 2949 tria
824 2883 956 2962 lumina,
979 2903 1019 2946 ne
1041 2881 1156 2956 minus,
1179 2876 1225 2941 ibi
1248 2877 1321 2941 sint.

152 2988 238 3072 quod
260 2993 372 3054 natum
394 2993 465 3072 erit,
499 2992 550 3056 his
573 2992 613 3056 ad
636 3013 715 3075 quos
738 3013 775 3055 ea
796 3012 846 3054 111
867 2989 1005 3073 pertinet
1026 2982 1323 3070 procuratoribusve

152 3115 273 3173 eorum,
297 3093 324 3157 si
346 3094 499 3179 inspicere
515 3097 632 3176 volent,
656 3096 853 3170 ostendatur.
874 3093 958 3178 apud
974 3115 1045 3158 eum
1061 3090 1217 3167 educetur,
1241 3086 1325 3171 apud

152 3220 247 3282 quem
278 3221 392 3283 parens
420 3200 558 3266 iusserit.
596 3201 623 3266 si
651 3204 757 3266 autem
788 3199 870 3263 nihil
904 3219 1017 3282 parens
1047 3192 1175 3259 iusserit
1208 3192 1323 3270 antis,

151 3304 236 3387 apud
269 3326 364 3387 quem
386 3305 524 3371 voluerit
546 3306 690 3385 educari,
721 3327 831 3369 curam
853 3325 917 3366 non
940 3300 1088 3384 recipiet,
1124 3295 1207 3380 apud
1231 3317 1325 3379 quem

153 3407 315 3488 educetur,
349 3431 444 3474 causa
466 3412 596 3496 cognita
617 3411 819 3476 constituam.
857 3409 884 3472 is
915 3406 999 3492 apud
1023 3425 1116 3488 quem
1139 3399 1325 3465 educabitur

153 3512 239 3596 quod
262 3516 375 3578 natum
397 3515 467 3595 erit,
491 3516 595 3601 quoad
617 3516 716 3580 trium
732 3536 875 3579 mensum
898 3511 941 3576 sit
964 3509 1066 3573 bisin
1089 3528 1205 3586 mense,
1229 3525 1325 3569 exeo

153 3621 298 3703 tempore
332 3621 436 3705 quoad
459 3644 514 3685 111
536 3643 679 3686 mensum
703 3620 755 3700 sit,
779 3618 876 3683 semel
897 3617 930 3680 in
952 3635 1068 3692 mense,
1091 3635 1111 3676 a
1133 3634 1187 3676 sex
1209 3610 1336 3688 monsi-⁸

154 3722 215 3788 bus
240 3725 344 3808 quoad
366 3725 532 3790 anniculus
555 3726 622 3805 fiat,
646 3724 777 3790 alternis
806 3720 977 3800 mensibus,
1001 3719 1041 3783 ab
1059 3717 1205 3783 anniculo
1223 3715 1326 3800 quoad

154 3828 218 3894 fari
241 3831 352 3914 possit,
384 3833 480 3896 semel
502 3832 536 3895 in
556 3854 613 3896 sex
638 3830 808 3908 mensibus,
841 3826 897 3891 ubi
919 3825 1014 3904 volet,
1038 3822 1193 3888 ostendat.
1227 3820 1255 3884 si
1276 3817 1327 3883 oui

153 3937 297 4000 ventrem
323 3935 437 4018 inspici
467 3936 656 4001 custodirive
680 3936 787 4000 adesse
809 3932 916 4017 partui
938 3930 1062 3994 licitum
1081 3948 1146 3991 non
1176 3922 1326 3990 1111111-

152 4043 263 4104 tumve
286 4040 363 4124 quid
386 4041 457 4120 erit,
481 4042 649 4126 quominus
672 4063 709 4105 ea
723 4041 770 4104 ita
785 4039 875 4117 fiant,
891 4036 940 4100 uti
955 4056 1051 4118 supra
1066 4030 1327 4114 comprehensum

153 4149 218 4212 est:
243 4146 283 4226 ei,
307 4146 392 4230 quod
414 4150 526 4211 natum
541 4147 612 4226 erit,
635 4144 864 4231 possessionem
886 4162 981 4205 causa
1003 4137 1132 4225 cognita
1154 4158 1217 4200 non
1235 4136 1325 4200 dabo.

225 4370 503 4443 omnm
