2940 4996
584 283 685 341 Edicta
702 288 874 357 praetorum.
1256 291 1318 356 191

175 463 238 526 catus
255 461 331 527 erit:
355 463 412 547 qui
434 463 524 544 furti,
547 465 581 530 vi
595 465 753 528 bonorum
769 469 946 549 raptorum,
968 465 1169 546 iniuriarum,
1192 467 1231 532 de
1246 466 1319 531 dolo

167 566 231 631 nalo
258 572 289 632 et
320 567 432 634 fraude
461 592 519 634 suo
551 570 680 634 nomine
703 570 872 635 damnatus
895 573 1047 655 pectusve
1069 570 1148 635 erit:
1182 573 1237 655 qni
1260 594 1318 656 pro

158 672 236 752 socio,
248 673 417 756 fiducioal,
440 674 570 754 tutelae,
595 675 748 753 mandati,
771 674 907 758 depositi
930 698 988 740 suo
1011 677 1139 741 nomine
1162 698 1225 740 non
1242 699 1318 741 con·

151 774 238 842 tran'o
267 779 385 844 iudicio
408 779 577 843 damnatus
601 780 676 844 erit:
711 780 767 864 qui
790 802 878 859 eam,
909 782 1046 864 quaein
1069 784 1227 865 potestate
1250 783 1317 845 eius

139 887 234 963 esset,
266 904 385 968 genero
407 889 551 964 mortno,
575 907 646 949 cnm
671 907 742 949 enm
765 890 928 949 mortuum
954 909 1021 951 esse
1044 887 1153 966 sciret,
1176 888 1262 951 intra
1284 887 1314 950 id

133 987 269 1072 tempus,
295 1012 359 1073 quo
376 990 504 1074 elugere
528 990 631 1055 virum
656 991 751 1054 moris
775 995 831 1069 est,
855 996 1027 1076 antequam
1043 992 1146 1056 virum
1164 992 1315 1076 elugeret

125 1088 169 1154 in
203 1093 443 1158 matrimonium
478 1095 680 1159 collocaverit
707 1117 816 1159 eamve
847 1096 947 1160 sciens
981 1096 1080 1180 [quis]
1103 1118 1232 1160 uxorem
1257 1096 1314 1160 du-

125 1198 218 1262 xerit
240 1221 306 1263 non
328 1199 418 1264 iussu
442 1200 519 1279 eins,
542 1201 576 1264 in
599 1200 688 1265 ouius
712 1205 871 1283 potestate
893 1206 958 1266 est:
982 1205 1014 1266 et
1037 1201 1093 1284 qui
1115 1223 1197 1279 eum,
1222 1224 1315 1284 quem

125 1297 170 1364 in
191 1307 350 1386 potestate
378 1305 527 1385 haberet,
560 1327 646 1385 eam,
681 1306 719 1370 de
741 1329 805 1390 qua
836 1329 933 1390 supra
963 1306 1223 1390 comprehensum
1257 1311 1314 1385 est,

125 1425 264 1474 uxorem
288 1411 402 1475 ducere
424 1432 535 1495 passus
558 1411 673 1476 firerit:
699 1413 794 1496 quive
816 1435 873 1476 suo
895 1413 1024 1477 nomine
1046 1434 1111 1475 non
1131 1412 1218 1475 iussu
1234 1412 1312 1485 eius,

125 1507 174 1574 in
188 1514 276 1578 cuius
300 1519 460 1598 potestate
476 1519 568 1596 esset,
591 1517 698 1582 eiusve
720 1519 848 1582 nomine
879 1540 972 1601 quem
1001 1540 1136 1601 quamve
1165 1517 1198 1579 in
1222 1520 1312 1600 pote·

125 1619 218 1683 State
244 1620 381 1686 haberet
412 1622 489 1686 bina
517 1622 679 1706 sponsalia
712 1623 841 1688 binaeve
872 1622 1001 1707 nuptias
1030 1622 1065 1685 in
1091 1622 1199 1687 eodem
1230 1626 1311 1686 tem-

125 1739 210 1800 pore
230 1726 423 1790 constitutas
445 1727 613 1792 habuerit:
637 1728 692 1812 qui
715 1751 754 1793 ex
771 1730 822 1793 his
844 1729 993 1793 omnibus
1015 1729 1071 1812 qui
1088 1728 1311 1811 suprascripti

125 1833 223 1910 sunt,
259 1832 293 1894 in
320 1831 484 1918 integrum
515 1833 683 1899 restitutus
706 1857 770 1899 non
794 1836 873 1900 erit:
906 1857 964 1920 pro
987 1833 1050 1898 alio
1072 1855 1112 1896 ne
1135 1833 1310 1916 postulent,

129 1939 355 2020 praeterquam
377 1942 599 2022 properante,
629 1943 765 2023 patrono
788 1945 940 2025 patrona,
975 1938 1084 2003 liberis
1107 1937 1311 2021 parentibus·

136 2056 196 2120 que
215 2043 343 2123 patroni
366 2047 529 2127 patronae,
554 2044 701 2110 liberisve
716 2045 792 2125 suis,
816 2046 916 2110 fratre
939 2066 1056 2122 sorore,
1080 2064 1188 2122 uxore,
1203 2063 1310 2106 socero

138 2160 238 2224 socru,
261 2168 380 2232 genero
402 2170 496 2229 nuru,
526 2150 641 2214 vitrico
663 2172 809 2230 noverca,
832 2150 981 2235 privigno
1005 2148 1163 2233 privigna,
1187 2147 1310 2232 pupillo

141 2249 268 2332 pupilla,
301 2252 423 2318 furioso
453 2253 595 2334 furiosa,
629 2257 680 2319 cui
703 2277 812 2319 eorum
835 2279 854 2319 a
876 2257 1008 2339 parente
1039 2257 1096 2317 aut
1119 2253 1156 2318 de
1178 2253 1309 2317 maioris

144 2355 233 2434 partis
255 2357 453 2424 tribunorum
475 2361 634 2425 sententia
649 2365 705 2425 aut
721 2360 761 2424 ab
777 2383 823 2440 eo,
847 2363 935 2425 cuius
959 2360 997 2423 de
1019 2381 1056 2422 ea
1079 2380 1113 2423 re
1131 2358 1308 2422 iurisdictio

148 2455 206 2540 fuit,
226 2483 263 2526 ea
284 2463 388 2527 tutela
409 2466 570 2530 curatiove
592 2466 668 2530 data
690 2463 776 2532 erit².

218 2565 278 2632 De
298 2569 586 2634 vadimoniia³.
635 2572 664 2635 1.
688 2570 749 2646 Qui
773 2569 927 2635 satisdare
950 2573 1107 2655 cogantur
1130 2567 1179 2632 vel
1201 2567 1307 2631 iurato
1331 2569 1409 2648 13⁶2.

152 2672 321 2748 promittant
344 2675 394 2739 vel
416 2697 492 2739 snae
513 2676 716 2759 promissioni
740 2675 1009 2739 committantur⁴.

218 2779 246 2841 2.
282 2777 317 2843 si
340 2801 379 2843 ex
401 2781 510 2844 noxali
540 2803 636 2846 causa
666 2786 799 2866 agatur,
830 2781 1097 2864 quemadmodum
1119 2777 1307 2845 caveatur⁶:

156 2921 239 2946 ·····
266 2884 300 2946 in
323 2883 432 2949 eadem
454 2907 550 2950 cansa
572 2909 645 2951 eum
668 2886 835 2965 exhibere,
866 2887 900 2950 in
923 2909 987 2970 qua
1009 2890 1086 2950 tunc
1109 2889 1175 2965 est,
1209 2885 1307 2949 donec

156 2977 278 3052 iudicium
302 2989 504 3073 accipiatur⁶.

216 3092 244 3156 3.
280 3092 330 3156 De
352 3115 389 3158 eo
412 3117 468 3179 per
491 3117 586 3179 quem
608 3095 729 3160 factum
752 3096 823 3175 erit,
853 3095 1044 3179 quominus
1069 3093 1140 3178 quis
1163 3095 1303 3158 vadimo-

158 3189 219 3258 tiwa
237 3197 357 3264 sistat⁷.

217 3299 267 3367 De
298 3305 602 3389 cognitoribus
633 3310 674 3371 et
704 3305 1064 3391 procuratoribus
1095 3308 1134 3369 et
1161 3303 1302 3369 defen·
1327 3304 1425 3384 ¹l³.⁸⁸T0¹.⁰’

125 3462 127 3471 .
159 3404 321 3473 roribus&
369 3409 398 3474 l.
435 3412 497 3492 Qui
527 3432 566 3475 ac
596 3411 668 3475 dent
697 3413 900 3494 copnc'torem:
930 3460 1041 3478 .....
1072 3415 1104 3475 et
1135 3411 1191 3494 qui
1220 3432 1301 3488 eam,

125 3508 128 3529 '
159 3521 224 3584 quem
247 3513 280 3578 in
303 3519 463 3599 potestate
484 3515 599 3593 habet,
631 3539 748 3600 genero
771 3522 915 3597 mortuo,
946 3538 1114 3580 cumeum
1137 3519 1300 3579 mortuum

159 3625 200 3676 ene
221 3619 327 3699 sciret,
360 3620 394 3683 in
416 3622 658 3686 matrimonium
681 3623 883 3687 collocaverit
915 3644 1023 3686 eamve
1046 3622 1147 3687 sciens
1171 3643 1302 3685 uxorem

157 3709 261 3804 luxerit,
292 3729 325 3788 et
349 3725 404 3808 qui
427 3748 510 3805 eum,
543 3750 637 3811 quem
659 3728 694 3790 in
717 3731 876 3812 potestate
898 3727 1041 3806 haberet,
1072 3749 1182 3791 earum
1205 3747 1301 3809 quam

157 3837 252 3894 ¹uorem
275 3831 389 3894 ducere
413 3853 524 3915 passus
547 3832 662 3897 fuerit:
693 3855 809 3917 quaeve
831 3834 935 3898 virum
958 3837 1122 3917 parentem
1146 3833 1301 3897 liberosve

197 4021 217 4087 ι)
235 4020 297 4075 uae.
315 4024 401 4088 arsa.
423 4052 454 4060 -
473 4022 500 4092 a)
520 4021 951 4093 D.3a,1et,3‚1‚1,9.11;3pr.
978 4022 1022 4076 De
1039 4023 1121 4077 aare
1132 4020 1298 4075 edicto—esa-

146 4102 222 4162 lld‘cnc
248 4109 283 4177 cf.
303 4109 391 4163 ΖΕΘ.
409 4113 449 4177 15,
464 4128 493 4179 p.
513 4114 546 4164 56
563 4128 602 4180 aq.
620 4113 664 4167 iet.
693 4112 755 4166 Gai.
773 4116 859 4181 amn.
878 4144 912 4152 -—
932 4115 959 4181 3)
980 4112 1024 4166 De
1041 4113 1125 4166 nemis
1143 4110 1234 4164 edictis
1250 4109 1300 4162 sub

138 4186 173 4249 loc
192 4196 270 4250 titulo
284 4198 434 4265 proponitis
460 4214 484 4251 o.
502 4197 539 4255 D.
559 4198 589 4254 P.
605 4215 635 4267 Ρ.
654 4201 695 4254 65.
721 4230 757 4237 -
784 4201 812 4268 4)
831 4199 918 4253 Rcbr.
935 4199 973 4253 D.
991 4203 1052 4267 2‚8‚·
1080 4199 1113 4265 cf.
1133 4197 1195 4251 Gai.
1214 4200 1298 4265 4‚185.

133 4309 158 4321 —
173 4287 196 4346 5)
215 4283 304 4338 Reor.
324 4283 363 4336 D.
380 4287 432 4347 2‚9.
455 4316 490 4324 -
515 4285 543 4356 6)
562 4285 600 4340 D.
619 4289 689 4355 2,9‚1
704 4303 747 4356 pr.
765 4319 801 4328 —
820 4289 845 4355 7)
864 4287 950 4343 Rudr.
969 4288 1007 4342 D.
1025 4291 1103 4355 2‚10.·
1130 4285 1297 4354 quominus

125 4372 178 4444 quis
195 4370 224 4424 in
244 4369 351 4425 iudicio
368 4369 460 4426 sistat.
481 4401 512 4412 -
532 4373 560 4443 8)
579 4373 665 4428 Rabr.
684 4374 722 4430 D.
743 4376 819 4444 (3.3).
