2954 5010
188 307 252 371 216
608 304 727 358 Decreta
744 300 949 372 proconsulum.

189 506 304 569 agrum
334 482 595 566 oppidumque),
626 480 630 567 l
661 482 745 566 quod
778 504 814 545 ea
837 483 1028 564 tempestate
1054 479 1249 564 posedisent,
1268 479 1352 560 litem

189 589 350 671 possidere
373 588 554 670 habereque
573 585 578 671 l
598 586 707 664 iousit,
731 586 806 650 dum
829 584 944 668 poplus
968 588 1163 669 senatusque
1181 583 1187 673 Ι
1207 583 1352 649 Romanus

191 694 297 758 vellet.
343 690 491 778 Act(um)
514 693 548 755 in
571 691 702 755 castreis
722 693 727 771 Ι
748 713 777 755 a.
800 691 829 753 d.
853 688 918 754 XII
940 691 973 754 k.
996 688 1090 754 Febr.
1114 687 1118 776 l

235 870 264 933 5.
294 868 520 933 Decretum
542 866 817 950 proconsulis
841 864 1074 930 Sardiniae
1097 887 1124 928 a.
1150 864 1192 928 69
1216 887 1247 947 p.
1270 863 1314 928 0¹.

278 1007 358 1092 Imp.
383 1007 510 1072 Othone
534 1007 666 1070 Caesare
682 1005 767 1090 Aug.
792 1027 854 1069 cos.
877 1003 939 1068 XV
955 1005 986 1067 k.
1004 1003 1133 1088 Apriles
1153 1001 1159 1091 Ι
1179 1004 1352 1088 descriptam

192 1119 224 1178 et
247 1114 446 1199 recognitum
471 1137 508 1178 ex
531 1113 637 1176 codiee
660 1111 786 1176 ansato2
817 1112 852 1177 L.
877 1111 973 1175 Helvi
995 1111 1162 1197 Agrippae
1184 1113 1355 1195 proconstu·

192 1217 263 1303 lis),
297 1241 393 1303 quem
426 1219 563 1301 protulit
594 1218 650 1283 On.
674 1217 833 1302 Egnatius
855 1219 858 1300 l
880 1217 1000 1281 Fuscus
1031 1217 1135 1281 scriba
1165 1216 1354 1301 quaestonus,

193 1324 227 1386 in
260 1347 323 1407 quo
356 1324 510 1406 scriptum
539 1323 603 1387 fuit
631 1325 642 1387 i
693 1323 778 1407 quod
809 1322 895 1386 infra
926 1323 1080 1407 scriptum
1114 1325 1164 1385 est
1202 1321 1308 1385 tabula
1333 1320 1354 1384 V

194 1452 210 1492 c
228 1477 361 1493 ......
366 1428 377 1463 ³
401 1426 484 1492 VIII
504 1424 509 1513 l
529 1430 561 1491 et
584 1425 682 1491 VIIII
705 1431 737 1490 et
759 1425 806 1489 X:

281 1532 332 1598 HI
361 1533 432 1597 idus
465 1531 561 1596 Mart.
594 1531 629 1595 L.
662 1530 796 1595 Helvius
828 1529 975 1615 Agrippa
1005 1528 1233 1616 proco(n)s(ul)
1263 1552 1356 1595 caussa

195 1638 325 1724 cognita
347 1638 586 1721 pronuntiavit:
608 1635 613 1724 Ι
1166 1669 1170 1672 ·

160 1749 183 1802 5·
239 1743 317 1808 Oum
340 1766 398 1827 pro
421 1743 562 1808 utilitate
592 1742 720 1826 publica
750 1743 844 1807 rebus
871 1742 1019 1805 iudicatis
1042 1746 1127 1806 stare
1151 1743 1315 1807 conveniat
1334 1746 1359 1805 et

238 1850 275 1913 de
299 1870 409 1912 caussa
431 1847 678 1934 Patulcensilum
709 1849 752 1912 M.
777 1847 941 1913 Iuventius
965 1847 1050 1911 Rixa
1079 1848 1128 1912 vir
1152 1848 1359 1912 ornatissimus

238 1958 424 2037 procurator
447 1955 614 2039 Augtusti)
640 1955 763 2038 saepius
787 1954 1044 2037 pronuntiaverit

281 2058 369 2144 fin2es
392 2058 626 2124 Patulcensium
649 2061 696 2124 ita
719 2060 889 2124 servandos
914 2082 989 2138 esse,
1013 2063 1050 2122 ut
1071 2059 1105 2121 in
1124 2059 1239 2123 tabula
1254 2058 1360 2123 ahena

286 2186 304 2226 a
327 2165 371 2228 M.
395 2163 525 2228 Metello
549 2166 688 2229 ordinati
710 2169 825 2243 essent,

240 2266 418 2352 ultimoque
440 2271 713 2352 pronuntiaverit:

287 2372 473 2438 Galillenses
497 2375 680 2459 frequenter
706 2379 916 2440 retractantes
940 2372 1216 2459 controverlsiara⁴
1240 2397 1295 2440 nec
1315 2397 1363 2458 pa·

285 2483 389 2542 rentes
413 2481 538 2544 decreto
568 2505 625 2545 suo
648 2505 681 2546 se
704 2482 861 2566 castigare
883 2481 1030 2559 voluisse,
1063 2481 1117 2544 sed
1140 2486 1285 2565 respectu
1307 2480 1361 2545 cle·

181 2632 187 2646 .
285 2585 422 2649 mantiae
439 2587 563 2669 optumi
584 2589 587 2670 Ι
608 2587 802 2670 maximique
818 2586 970 2670 principis
987 2588 1173 2650 contentum
1189 2609 1257 2651 esse
1272 2586 1361 2650 edicto

286 2690 471 2768 admonere,
505 2697 540 2755 ut
572 2693 770 2776 quiescerent
802 2697 833 2757 et
865 2692 959 2756 rebus
986 2692 990 2770 1
1017 2691 1164 2755 iudicatis
1196 2695 1316 2757 starent
1335 2694 1362 2755 et

286 2794 372 2858 intra
400 2795 432 2857 k.
457 2793 584 2860 Octobr.
615 2799 735 2880 primas
764 2799 802 2862 de
831 2797 956 2881 praedis
980 2796 1218 2861 Patulcensium
1250 2797 1362 2862 recede·

286 2903 358 2963 rent
380 2898 584 2986 vacuamlque
606 2902 835 2984 possessionem
857 2903 1032 2978 traderent3
1056 2901 1184 2983 quodsi
1206 2901 1242 2966 in
1262 2905 1361 2966 contu·

200 3091 218 3127 a
238 3073 359 3127 Gadibus
376 3075 413 3127 ad
428 3077 638 3142 septentrionem.
676 3074 710 3129 L.
730 3074 862 3128 Aemilius
881 3074 915 3129 L.
929 3075 954 3142 f.
974 3076 998 3128 is
1016 3076 1080 3143 epse,
1100 3075 1148 3142 qui
1164 3079 1258 3142 postea
1275 3074 1360 3127 Persea

200 3160 301 3222 666666,
316 3164 454 3228 praetorio
472 3164 531 3216 iure
549 3164 713 3231 Hispaniam
735 3163 934 3216 administrauit
957 3180 974 3215 a
991 3179 1050 3216 aere
1073 3180 1097 3216 a.
1118 3165 1169 3215 563
1195 3163 1233 3216 ud
1250 3167 1361 3216 annau

200 3265 225 3299 a.
237 3250 294 3313 565,
312 3249 458 3315 inperator
476 3250 648 3317 acclamatus,
666 3257 697 3304 ut
714 3251 828 3317 uidetur,
845 3257 944 3304 aestate
962 3268 986 3303 a.
996 3253 1053 3303 564.
1083 3250 1255 3304 Lascutanos
1272 3266 1300 3303 eo
1312 3249 1361 3317 fere

201 3338 259 3389 iure
276 3352 364 3390 saeos
377 3337 478 3405 fuisse,
506 3345 537 3392 ut
555 3340 670 3392 Hetotae
693 3341 763 3392 serui
779 3339 896 3406 fuerunt
914 3337 1126 3406 Spartanorum,
1152 3355 1248 3407 aprum
1265 3338 1361 3391 conata

200 3442 286 3491 s'uun,
305 3425 352 3478 sed
371 3425 549 3480 Hastensibus
567 3428 719 3495 aectipateni
737 3427 794 3480 Mo.
815 3427 929 3480 ostendit
947 3427 1038 3479 Herrn.
1057 3429 1230 3488 3‚265-267.

274 3511 299 3580 1)
320 3511 348 3564 O.
368 3512 392 3564 I.
412 3512 445 3565 L.
464 3517 558 3580 tauta
576 3531 602 3568 n.
622 3517 699 3568 7852.
720 3545 750 3552 -
771 3514 801 3567 E
817 3515 911 3568 tabula
928 3515 1028 3567 ahenea
1047 3515 1084 3579 (a.
1104 3518 1178 3582 6,46,
1196 3515 1212 3567 t.
1232 3516 1318 3580 0,055)
1340 3528 1359 3564 a.

136 3611 140 3619 ·
202 3602 269 3651 1866
295 3601 325 3652 in
344 3599 474 3652 Sardinia
492 3608 597 3669 reperta
615 3602 704 3670 ibique
721 3603 805 3670 edita,
830 3610 886 3657 turn
904 3621 921 3656 a
941 3603 1105 3656 Monnneno
1123 3605 1238 3671 repetita
1255 3609 1279 3657 et
1295 3601 1360 3670 capli-

202 3693 277 3740 cata:
295 3687 407 3740 Hermes
424 3692 519 3755 2,102,·
537 3693 619 3756 3,157.
646 3690 733 3743 ΖΒΘ.
751 3694 834 3758 8659.
854 3723 888 3730 -
907 3692 933 3760 2)
951 3693 969 3744 i.
990 3708 1010 3744 e.
1029 3690 1118 3743 codiee
1136 3691 1289 3743 tabularum
1300 3688 1358 3743 eolli-

202 3781 328 3843 patarum
346 3791 413 3827 ansa
431 3776 567 3830 adiuncta.
589 3808 620 3816 —-
640 3778 679 3846 [3)
698 3778 802 3849 Notap
822 3780 893 3846 quod
904 3780 1061 3833 uocabulum
1078 3777 1208 3846 siquidm
1225 3795 1243 3832 a
1260 3795 1273 3832 c
1290 3778 1360 3831 littera

202 3864 340 3929 incipiens,
357 3879 454 3929 parurn
473 3870 584 3918 constat.
613 3864 705 3933 Caput
723 3868 863 3933 quominus
881 3869 1091 3935 interpretentur,
1110 3865 1198 3919 obstat
1215 3862 1358 3934 quoditie

203 3958 272 4005 creto
285 3951 384 4018 Oropia
404 3967 488 4019 supra
503 3969 532 4020 p.
543 3956 593 4004 162
612 3954 708 4022 lepitur
728 3961 761 4019 (6.
773 3958 817 4019 59)
837 3959 864 4006 ἐν
878 3957 961 4021 δέλτῳ
974 3957 1070 4020 πρώτῃ,
1090 3956 1226 4020 κηρώματι
1244 3968 1358 4019 τεσσαρεσ-

203 4043 366 4106 καιδεκάτῳ;
389 4054 452 4091 cera
470 4041 610 4106 quominus
630 4042 740 4109 legatur,
760 4043 869 4110 inpedit
887 4042 959 4109 quod
976 4041 1105 4109 quomodo
1121 4042 1215 4108 plures
1233 4058 1302 4096 cerae
1317 4055 1359 4092 aaa

203 4127 295 4178 tabula
322 4126 509 4180 contineantur
532 4143 587 4180 non
601 4129 771 4196 perspicitur.
807 4130 892 4197 Apud
910 4129 1053 4196 Iosepburn
1071 4134 1126 4181 ant.
1146 4132 1267 4195 tatone
1284 4127 1360 4196 tatur

202 4215 323 4266 similiter
340 4217 424 4280 δέλτῳ
443 4218 552 4280 δευτέρᾳ
572 4220 618 4266 nat
638 4220 737 4268 ἐκτῶν
756 4220 869 4283 πρώτων.
899 4217 934 4269 16
945 4218 1175 4271 senatusconsulto
1193 4211 1358 4270 Letoa-Wad

202 4300 313 4369 dinpton
330 4304 434 4355 61627
454 4342 478 4354 ..
494 4343 500 4354 .
519 4302 651 4371 [π]έμτττῳ
671 4308 738 4370 ἕκτῳ
758 4308 857 4372 ἑβδόμῳ
877 4308 965 4371 ὀγδόῳ
979 4308 1062 4371 ἐνάτῳ
1077 4344 1165 4359 .....
1185 4305 1267 4371 δέλτῳ
1279 4303 1357 4368 πρώτη,

202 4388 289 4455 ipsunt
306 4389 652 4457 uocabatuniffdesideratar.
692 4391 739 4445 Tu.
759 4391 806 4462 M.]
825 4423 856 4430 —
877 4395 904 4460 4)
923 4392 1136 4446 controversiae.
