2954 5010
679 294 786 353 Festus.
1267 305 1331 370 339

151 469 266 534 Flam
277 493 362 536 meo
385 471 532 536 amicitur
555 472 677 536 nubens
701 473 831 537 ominis¹
856 473 951 539 boni²
974 497 1078 555 causa,
1103 478 1188 560 quod
1211 500 1247 542 eo
1271 480 1326 543 ad-

151 576 240 640 sidue
263 577 414 641 utebatur
437 578 608 654 flaminica,
631 579 664 642 id
687 582 735 642 est
759 578 897 643 flaminis
929 603 1019 660 uxor,
1044 582 1094 645 cui
1121 605 1185 647 non
1214 583 1330 649 licebat

150 682 253 747 facere
277 683 458 747 divortium.
505 683 543 748 P.
569 688 621 748 89.

150 787 361 852 Flammeo
392 787 579 852 vestimento
609 788 769 853 flaminica
791 791 960 869 utebatur,
994 791 1027 854 id
1050 797 1098 857 est
1120 792 1223 861 Dialis
1246 820 1327 863 uxor

149 898 181 959 et
202 893 289 958 Iovis
305 893 459 971 sacerdos,
482 892 533 956 eui
549 893 648 957 telum
665 892 827 959 fulminis³
850 895 959 960 eodem
975 899 1043 960 erat
1059 897 1172 964 colore.
1214 901 1250 964 P.
1268 908 1323 968 92.

149 999 318 1065 Foedus
341 997 536 1083 appellatum
559 999 599 1061 ab
623 1020 659 1062 eo
684 999 768 1082 quod
790 1000 824 1062 in
848 1000 1033 1082 paciscendo
1055 1002 1197 1068 foedere4
1222 1005 1329 1072 hostia

151 1108 331 1184 necaretur,
353 1141 397 1150 -—
420 1102 470 1166 vel
494 1103 569 1186 quia
591 1103 625 1167 in
648 1103 772 1169 foedere
794 1106 1018 1188 interponatur
1041 1106 1128 1172 fides.
1168 1109 1207 1173 P.
1231 1115 1284 1175 84.

147 1209 346 1288 Fontes,
370 1209 458 1293 frugi
482 1213 513 1272 et
535 1209 647 1287 bonus,
671 1208 737 1272 sive
760 1209 893 1273 validus.
932 1210 968 1273 P.
993 1215 1044 1277 84.
1078 1210 1144 1295 (Of.
1170 1211 1326 1301 Sanates.)

149 1314 300 1379 Forum
332 1336 385 1378 sex
408 1314 509 1378 modis
532 1314 748 1397 intellegitur:
780 1315 884 1397 primo
906 1315 1134 1400 negotiationis
1157 1319 1243 1384 locus
1266 1346 1327 1399 -3

153 1419 228 1499 alio,
252 1420 286 1482 in
310 1440 373 1501 quo
396 1418 512 1482 iudicia
535 1418 614 1497 fieri,
638 1441 709 1482 curn
732 1418 851 1503 populo
874 1420 937 1503 agi,
961 1420 1123 1486 contiones
1141 1422 1252 1488 haberi
1275 1447 1327 1490 so·

150 1525 239 1604 lent3
263 1524 368 1602 tertio,
391 1545 462 1587 cum
485 1522 540 1603 is⁶,
564 1523 620 1607 qui
641 1524 823 1606 provinciae
846 1529 981 1608 praeest,
1003 1525 1110 1591 forum
1133 1549 1227 1613 agere
1250 1530 1328 1595 dici·

148 1635 224 1709 tur,
257 1652 327 1694 cum
352 1629 497 1694 civitates
531 1633 623 1693 vocat
653 1634 684 1692 et
709 1629 746 1693 de
769 1631 991 1694 controversiis
1015 1652 1124 1695 eorum
1147 1635 1324 1719 cognoscit3

152 1739 280 1821 quarto,
304 1757 374 1799 cum
398 1735 429 1798 id
453 1735 558 1799 forum
582 1735 707 1818 antiqui
730 1735 945 1819 appellabant,
970 1738 1054 1821 quod
1077 1760 1161 1803 nunc
1183 1741 1325 1805 vestibu-

149 1841 220 1905 lum
243 1840 379 1924 sepulcri
402 1839 499 1903 dicari
522 1839 603 1903 solet
625 1843 675 1903 cet.
709 1840 746 1905 P.
771 1844 823 1904 84.

147 1945 447 2030 Fulguritum,
479 1944 511 2007 id
535 1944 618 2027 quod
648 1948 695 2008 est
717 1943 852 2009 fulmine
878 1946 994 2026 ictum,
1026 1948 1082 2030 qui
1104 1947 1191 2015 loeus
1214 1952 1325 2015 statim

150 2053 221 2118 fieri
243 2052 418 2138 putabatur
440 2051 618 2136 religiosae,
643 2051 727 2134 quod
748 2073 819 2115 eum
843 2052 918 2117 deus
942 2052 1003 2117 sibi
1019 2053 1138 2120 dicasse
1153 2056 1323 2122 videretur.

145 2159 187 2225 P.
212 2164 267 2223 92.

144 2265 322 2329 Fundus
345 2300 386 2308 —
410 2262 526 2326 dicitur
549 2261 686 2346 populus
716 2283 782 2325 esse
805 2261 860 2339 rei,
894 2262 1006 2346 quamfi
1030 2262 1166 2344 alienat,
1195 2263 1256 2329 hoc
1279 2270 1327 2330 est

149 2373 271 2435 auctor.
317 2368 356 2433 P.
381 2372 434 2433 89.

148 2475 258 2541 Gens
276 2475 394 2538 Aelia
409 2472 599 2558 appellatur,
613 2494 693 2556 quae
705 2495 743 2536 ex
755 2473 865 2537 multis
878 2473 1008 2539 familiis
1021 2476 1196 2540 conficitur.
1221 2477 1260 2541 P.
1272 2483 1324 2544 94.

149 2580 343 2647 Gentilis
375 2579 491 2642 dicitur
514 2582 546 2642 et
570 2600 609 2642 ex
632 2579 740 2642 eodem
763 2600 879 2663 genere
902 2584 1001 2655 ortus,
1033 2584 1065 2645 et
1088 2581 1125 2661 is,
1150 2583 1205 2666 qui
1228 2583 1326 2647 simili

147 2685 278 2750 nomine
300 2684 489 2769 appellatur,
512 2687 549 2746 ut
572 2682 618 2747 ait
634 2681 777 2747 Cincius:
803 2681 955 2748 ‘Gentiles
978 2685 1060 2748 mihi
1075 2691 1159 2767 sunt,
1184 2687 1239 2771 qui
1254 2710 1324 2753 meo

145 2791 276 2855 nomine
299 2788 521 2873 appellantur'.
570 2789 608 2852 P.
634 2793 684 2854 94.

148 2895 286 2961 Grave
308 2918 372 2959 aes
396 2895 516 2958 dictum
539 2917 557 2958 a
579 2894 730 2978 pondere,
764 2895 838 2978 quia
861 2895 933 2959 deni
957 2917 1050 2976 asses,
1075 2896 1195 2982 singuli
1216 2900 1322 2982 pondo

147 2999 262 3080 libras,
286 3000 467 3065 efficiebant
489 2999 663 3079 denarium,
696 3000 736 3064 ab
758 3001 819 3066 hoe
840 3001 910 3085 ipso
932 3023 1064 3066 numero
1087 3002 1216 3066 dictum.
1262 3001 1322 3069 Sed

146 3106 233 3171 bello
255 3105 375 3170 Punico
397 3105 534 3189 populus
557 3104 730 3184 Romanus,
754 3129 880 3190 pressus
904 3129 975 3171 aere
993 3107 1105 3186 alieno,
1129 3130 1167 3172 ex
1182 3108 1318 3194 singulis

148 3212 273 3276 assibus
302 3211 442 3275 librariis
475 3231 565 3275 senos
598 3209 689 3293 fecit,
722 3211 778 3296 qui
808 3213 996 3276 tantundem
1027 3216 1064 3276 ut
1096 3213 1145 3276 illi
1168 3214 1319 3279 valerent.

148 3319 189 3382 P.
214 3321 265 3382 98.
305 3315 372 3400 (Cf.
397 3315 603 3401 Sextantari.)

145 3421 231 3485 Has
242 3426 310 3486 tae
325 3421 539 3486 subiciebant⁷
555 3444 601 3502 ea,
618 3444 698 3505 quae
713 3423 838 3507 publice
853 3422 1087 3501 venundabant,
1105 3423 1180 3506 quia
1192 3423 1321 3508 signum

145 3527 352 3610 praecipuum
377 3526 496 3611 [belli8]
524 3531 572 3591 est
593 3526 695 3591 hasta.
742 3527 781 3591 P.
807 3532 879 3597 101.

145 3632 377 3696 Heredium
399 3631 564 3716 praedium
586 3633 763 3714 parvulum.
811 3633 848 3696 P.
874 3631 942 3697 99⁹.

144 3735 280 3800 Heres
303 3737 387 3821 apud
411 3738 558 3822 antiquos
582 3760 639 3821 pro
662 3738 789 3802 domino
812 3737 1000 3821 ponebatur.
1048 3738 1087 3803 P.
1112 3744 1163 3803 99.

146 3840 356 3907 Horetum
381 3845 413 3906 et
435 3842 623 3906 forctum
646 3864 703 3926 pro
727 3841 810 3906 bono
833 3842 988 3906 dicebant.
1035 3842 1074 3906 P.
1099 3843 1210 3909 1991ο

236 4033 261 4096 1)
280 4031 400 4088 hominis
420 4032 457 4085 M
465 4032 494 4085 Τ.
522 4062 556 4071 -
583 4032 610 4100 2)
629 4048 678 4085 om.
701 4031 730 4086 Τ.
756 4062 788 4070 -
807 4032 835 4100 3)
853 4031 974 4086 flaminis
993 4032 1026 4087 G.
1046 4063 1078 4072 —
1096 4033 1125 4103 4)
1144 4032 1224 4088 foede
1243 4033 1319 4102 GM,

145 4120 200 4174 fide
221 4119 251 4172 Τ.
279 4149 313 4158 -
339 4119 365 4188 5)
384 4120 427 4173 his
446 4121 515 4175 rare.
543 4150 575 4158 -
601 4121 628 4185 6)
647 4136 730 4187 quem
749 4119 819 4172 lc'brr'.
841 4151 870 4158 -
891 4119 917 4189 7)
935 4121 974 4174 sie
992 4121 1061 4174 libri.
1084 4150 1115 4158 -
1136 4119 1162 4189 8)
1182 4119 1250 4174 belli
1268 4123 1319 4176 ins.

144 4211 218 4264 Mac.
238 4240 271 4248 —
291 4209 317 4279 9)
335 4209 409 4263 Plio.
428 4210 452 4263 la.
466 4228 493 4264 a.
512 4213 628 4277 19‚4,50.·
645 4209 676 4262 in
689 4209 740 4262 Xll
750 4208 856 4261 tabulis
868 4239 901 4247 —
915 4226 1051 4277 nusquam
1063 4208 1226 4264 nominatur
1239 4208 1319 4274 villa,

145 4314 254 4366 semper
279 4298 309 4350 in
329 4298 535 4367 significatione
553 4314 585 4351 ea
603 4298 715 4362 hortus,
743 4296 773 4350 in
790 4295 866 4351 horti
885 4313 949 4351 vero
968 4295 1120 4350 heredium.
1159 4294 1201 4363 Of.
1222 4295 1317 4364 Verre,

142 4401 165 4440 r.
185 4401 207 4438 r.
227 4387 294 4454 1,10.
314 4415 346 4423 -
368 4385 409 4454 10)
428 4401 452 4438 a.
470 4402 497 4453 p.
516 4386 550 4437 18
568 4384 620 4437 tab.
640 4385 688 4451 1,5.

1051 4471 1110 4527 22*
