2940 4996
142 279 207 344 344
690 274 793 329 Festus.

141 456 206 521 dies
228 477 291 519 non
314 453 442 518 comitia
464 452 691 535 habeba[ntur,
715 473 778 515 non
786 450 809 535 ¹]
839 451 926 516 aliud
952 453 1124 536 quicquam
1154 453 1186 517 iu
1206 477 1289 539 repu·

140 562 234 641 blica,
257 560 319 625 nisi
350 559 433 644 quod
460 558 574 622 ultima
596 559 765 623 necessitas
796 557 998 638 admonebat,
1023 558 1290 624 administrabatur.

143 664 300 731 11151.2
337 664 393 746 (P.
418 664 509 747 156.)

142 768 304 835 Munem
327 768 509 854 significare
531 771 654 832 certum
677 771 725 831 est
740 766 928 847 officiosum,
952 767 1036 832 unde
1052 790 1069 832 e
1084 767 1293 832 contrariom·

144 874 249 939 munis
273 874 399 954 dicitnr,
424 873 480 957 qui
502 872 591 936 nullo
614 871 761 956 fungitur
784 870 899 936 officio.
945 871 985 936 P.
1010 876 1084 937 143.

144 979 378 1044 Muneralis
401 979 452 1044 lex
474 981 586 1043 uocata
609 981 673 1056 est,
705 974 784 1060 qua³
809 975 935 1040 Cincius
959 977 1053 1058 cavit,
1077 1000 1119 1042 ne
1141 978 1191 1042 cui
1211 977 1295 1042 liceret

145 1107 260 1149 munus
283 1084 433 1169 accipere.
469 1081 620 1146 Plautus:
645 1085 757 1166 ‘neque
779 1083 975 1147 muneralem
997 1083 1102 1168 legem
1118 1105 1218 1168 neque
1231 1084 1296 1146 leuo-

143 1189 240 1269 niam,
263 1192 377 1273 rogata
399 1187 497 1252 fuerit
518 1208 575 1250 nec
598 1208 647 1264 ne,
671 1184 777 1249 llocci4
801 1186 954 1251 aestimo'
1001 1186 1040 1253 P.
1067 1191 1142 1252 143.

146 1293 367 1377 Municeps
391 1296 455 1371 est,
486 1295 523 1355 ut
545 1291 591 1355 ait
613 1290 725 1356 Aelius
749 1290 869 1372 Gallus,
894 1293 1005 1376 quiin
1027 1293 1202 1375 municipio
1222 1289 1295 1355 liber⁵

147 1403 242 1465 natus
266 1401 332 1477 est3
356 1398 433 1462 item
457 1398 512 1482 qui
536 1420 574 1462 ex
590 1397 653 1461 alio
669 1418 784 1482 genere
799 1397 965 1462 hominum
982 1420 1098 1462 munus
1114 1397 1237 1461 functus
1250 1400 1295 1471 est;

146 1504 224 1568 item
260 1504 315 1587 qui
345 1503 378 1567 in
401 1501 590 1587 municipio⁰
623 1524 661 1566 ex
684 1503 837 1568 seruitute
867 1525 900 1568 se
923 1503 1073 1568 liberavit
1096 1526 1116 1566 a
1139 1498 1296 1584 municipe⁷.

148 1610 193 1674 At
216 1607 360 1675 Seruius8
388 1609 493 1673 aiebat
508 1607 601 1672 initio
616 1608 724 1688 fuisse,
749 1611 804 1693 qui
820 1631 856 1673 ea
872 1608 1054 1674 condicione
1072 1607 1157 1673 ciues
1172 1603 1296 1672 Romani

149 1715 295 1794 fuissent,
319 1737 340 1778 u
371 1736 493 1797 semper
517 1736 582 1778 rem
598 1713 760 1798 publicam
775 1715 981 1798 separatim¹⁰
1008 1738 1026 1778 a
1045 1714 1165 1799 populo
1180 1711 1296 1777 Romano

147 1819 348 1899 haberent¹¹,
371 1819 528 1885 Cumanos
544 1819 721 1884 Acerranos
737 1818 948 1888 Atellanosffl.
973 1819 1012 1884 L.
1026 1823 1101 1883 142.
1127 1855 1168 1864 -
1190 1815 1295 1882 Muni-

148 1947 247 2008 ceps
271 1924 326 2009 qui
350 1924 384 1987 in
408 1925 580 2009 municipio
603 1924 684 1990 liber
707 1930 802 1989 natus
826 1929 883 2006 est,
907 1927 985 1991 item
1004 1925 1115 2010 quiex
1132 1923 1296 2008 aliogeuere

148 2029 313 2094 hominum
338 2052 467 2095 munere
488 2030 617 2095 functus
638 2035 696 2110 est,
719 2031 797 2095 item
821 2031 925 2115 quiin
940 2030 1116 2114 municipio
1140 2027 1297 2093 aseruitutc

150 2157 183 2199 se
205 2135 354 2199 liberavit
376 2135 577 2219 amunicipe.
610 2135 692 2201 Item
716 2137 892 2220 municipes
917 2141 1009 2202 erant
1032 2137 1088 2221 qui
1106 2157 1145 2200 ex
1163 2128 1297 2198 aliisciui-

150 2239 271 2303 tatibus
294 2238 428 2303 Romam
452 2241 627 2320 venissent,
660 2241 775 2325 quibus
798 2263 862 2306 non
885 2242 1002 2306 licebat
1024 2232 1243 2325 magistratum
1259 2254 1297 2297 ca·

153 2367 237 2428 pere,
261 2345 314 2409 sed
337 2348 464 2409 tantum
486 2347 626 2411 muneris
649 2351 783 2431 partem,
806 2352 843 2412 nt
865 2347 997 2412 iuuerunt
1019 2345 1155 2412 Cumani
1174 2335 1297 2408 Acunum

154 2449 306 2528 Atellani,
332 2451 387 2534 qui
410 2455 442 2514 et
458 2451 541 2516 cives
557 2450 695 2516 Romani
718 2456 808 2516 erant
831 2456 863 2516 et
885 2451 918 2515 in
933 2451 1060 2537 legione
1075 2451 1243 2526 merebant,
1259 2438 1298 2506 sel

151 2555 325 2641 dignitates
352 2556 617 2639 concupiebant.
665 2557 703 2621 P.
728 2561 802 2622 131.

151 2660 441 2743 Municipalia
464 2683 552 2725 sacra
577 2665 739 2741 vocantur,
764 2685 844 2747 quae
867 2663 907 2726 ab
930 2660 1023 2725 initio
1046 2660 1227 2725 habuerunt
1243 2653 1296 2718 ante

152 2765 313 2829 civitatem
345 2763 523 2829 Romanam
557 2770 734 2850 acceptam,
771 2790 851 2851 quae
884 2768 1053 2832 observare
1083 2788 1135 2830 eos
1159 2754 1298 2830 voluerunt

152 2870 317 2955 pontifices
332 2876 364 2935 et
376 2894 412 2936 eo
426 2895 513 2938 more
524 2872 636 2952 facere,
653 2894 716 2957 quo
727 2871 944 2937 adsuessent¹³
957 2871 1145 2955 antiquitus.
1170 2869 1207 2933 F.
1218 2854 1296 2932 157.¹⁴

37 3057 40 3064 Ι
153 2976 442 3059 Municipium
474 2977 507 3041 id
537 2999 637 3063 genus
661 2978 826 3043 hominum
850 2979 982 3056 dicitur,
1016 2977 1166 3060 quicum
1189 2973 1295 3039 Romam

154 3083 324 3161 venissent,
348 3104 450 3166 neque
473 3083 554 3148 cives
578 3082 716 3148 Romani
738 3088 852 3164 essent,
875 3083 1045 3167 participes
1068 3085 1176 3146 tamen
1197 3070 1298 3144 fueraut

154 3188 295 3254 omnium
320 3209 425 3251 rerum
450 3188 489 3250 ad
515 3210 630 3253 munus
652 3189 850 3273 fungendum
869 3211 933 3252 una
947 3210 1020 3252 cum
1036 3185 1190 3250 Romanis
1204 3179 1297 3248 civibus

154 3299 376 3380 praeterquam
409 3293 447 3357 de
476 3294 630 3379 suffragio
661 3294 791 3359 ferendo
822 3298 878 3358 aut
900 3290 1127 3378 magistratu¹⁶
1157 3282 1298 3373 capientur

227 3469 253 3536 1)
273 3468 338 3520 baec
355 3484 387 3520 ea
400 3467 495 3520 Paulo.
514 3497 549 3506 -
567 3470 593 3531 2)
617 3466 703 3520 Varro
721 3468 796 3535 opud
807 3467 894 3521 Mccr.
913 3473 963 3521 sut.
985 3469 1101 3534 1,16,18.·
1128 3464 1241 3519 mundus
1255 3467 1300 3511 cun

155 3559 244 3625 patet,
263 3555 376 3610 deorum
398 3554 523 3608 tristium
546 3556 631 3623 atque
652 3555 771 3609 inferum
794 3555 875 3623 quasi
897 3554 984 3608 ianua
1002 3557 1092 3623 patet.
1129 3552 1265 3622 Propterea
1278 3565 1301 3578 ‘

155 3643 292 3714 proelium
305 3641 452 3708 committi,
462 3672 494 3681 -
506 3658 619 3696 uxorem
632 3641 751 3696 liberum
766 3641 987 3710 quaerendorum
997 3657 1082 3695 causa
1095 3640 1201 3704 ducere,
1219 3629 1302 3699 rebn'r

155 3748 217 3784 sum
235 3730 283 3783 est.
304 3759 337 3767 —
356 3730 382 3794 3)
403 3747 488 3797 quam
508 3730 577 3783 libri.
597 3761 631 3768 —
648 3731 675 3800 4)
696 3729 753 3784 doci
766 3729 798 3797 G,
819 3727 960 3784 floccioM.
981 3760 1011 3767 -
1033 3730 1060 3796 5)
1075 3711 1302 3796 municipabbert·

155 3849 190 3858 -
209 3817 236 3884 6)
255 3815 376 3870 municio
396 3816 430 3870 R.
450 3847 484 3856 -
503 3817 529 3884 7)
549 3817 671 3870 inserunt
689 3816 738 3869 boc
755 3817 811 3870 loco
823 3816 903 3869 uerba
920 3814 990 3869 item
1001 3815 1156 3884 municipes
1167 3846 1196 3854 -
1209 3798 1303 3866 murieris

155 3908 273 3978 partem,
292 3920 325 3958 aa
342 3903 430 3956 Paulo
447 3905 553 3971 saliret,
572 3902 594 3956 S
611 3910 635 3957 et
654 3904 709 3957 edd.
737 3934 771 3944 -
791 3903 818 3973 8)
839 3903 966 3958 servilius
986 3902 1048 3972 SQ,
1073 3921 1126 3958 ser.
1147 3903 1218 3957 filius
1235 3897 1262 3952 a
1280 3913 1301 3926 ‘

157 3998 182 4059 9)
203 3995 251 4050 no.
266 4009 316 4047 om.
333 3991 399 4061 QR.
419 4021 453 4030 —
473 3991 517 4060 10)
535 3992 698 4060 separatum
711 3989 741 4059 Q.
762 4021 792 4028 —
815 3991 858 4057 11)
876 3989 1022 4044 habebant
1041 3991 1077 4045 R.
1097 4022 1130 4030 -
1152 3992 1193 4058 12)
1209 3976 1303 4043 immol

156 4085 206 4137 boc
224 4084 281 4136 loco
299 4079 348 4149 qui
367 4097 453 4148 aeque
471 4078 544 4132 cives
563 4109 595 4117 —
616 4096 672 4133 non
690 4078 847 4147 capiebant,
866 4094 899 4130 ea
918 4077 1006 4131 Paulo
1023 4078 1130 4143 scilicet,
1150 4077 1173 4146 Q
1190 4069 1271 4131 cedd
1281 4085 1304 4100 ‘

160 4170 201 4239 lu)
221 4167 376 4222 adfuissent
394 4167 459 4234 cod,
479 4184 546 4220 corr.
565 4167 741 4236 Aupuustu'aas.
761 4198 794 4204 —
816 4167 857 4233 14)
878 4166 908 4219 Ρ.
924 4169 971 4218 156
988 4167 1059 4220 bunc
1078 4167 1165 4220 locum
1182 4167 1219 4218 ito
1234 4154 1303 4212 141615

158 4255 341 4325 municipalia
358 4271 437 4309 sacra
456 4254 637 4316 vocabantur,
657 4270 728 4323 quae
748 4257 814 4308 ante
833 4253 931 4306 urbem
950 4253 1093 4308 conditam
1112 4251 1268 4308 colebantur.
1281 4261 1302 4274 ‘

161 4343 203 4412 15)
222 4342 407 4411 magistratus
426 4343 464 4397 M
472 4342 500 4396 Τ.
