2940 4996
616 280 703 358 Leges
722 281 825 361 regiae,
1303 294 1329 381 3>

177 458 240 540 qnod
264 457 348 542 leges
380 457 449 521 sine
473 457 583 522 ordine
611 457 693 522 latas
721 458 756 521 in
779 479 878 521 unum
901 461 1088 544 composuit.
1136 463 1187 528 11.
1210 464 1323 550 Pomp.

174 560 234 624 ἰιιιίι
254 559 306 644 (D.
316 561 491 643 1‚2‚2‚36):
513 560 590 624 Fuit
614 599 654 607 —
677 561 711 623 in
734 561 845 647 primis
868 564 989 649 peritus
1013 565 1148 633 Publius
1165 568 1323 654 Papirius,

175 666 214 748 qui
230 665 309 750 leges
331 665 438 750 regias
457 665 491 728 in
506 687 605 728 unum
622 665 767 729 contulit.
816 666 866 732 12.
891 666 1146 756 1λιόιι.(3,36)ι1
1171 671 1221 759 (Ὁ
1236 673 1322 760 Μοίρ-

178 769 237 856 κιος)
265 769 466 855 συγκαλέσας
489 773 561 844 τοὺς
587 770 770 853 ἱεροφάντας
801 773 856 834 καί
878 774 934 848 τὰς
956 775 1027 859 περὶ
1049 785 1110 841 τῶν
1136 776 1226 863 ἱερῶν
1249 801 1326 866 συγ-

174 877 279 959 γραροίς,
303 878 339 951 ἃς
364 874 537 960 Πομπίλιος
561 874 783 959 συνεστήσατο,
806 874 881 961 παρ’
903 879 1005 943 αὐτῶν
1024 880 1130 969 λαβὼν
1146 884 1323 970 ἀνέγραψεν

172 983 202 1057 εἰς
219 981 337 1058 δέλτους
369 984 424 1046 καί
446 982 631 1066 προῦδηκεν
656 983 687 1045 έν
712 983 824 1067 ἀγορᾷ,
847 1021 891 1032 -
915 985 951 1059 ἃς
974 986 1186 1079 ἀφανισθῆναι
1209 991 1322 1080 συνέβη

170 1095 201 1172 τῷ
217 1088 328 1173 χρόνῳ·
354 1126 395 1136 -
420 1090 498 1171 μετὰ
519 1088 555 1151 δέ
576 1091 632 1171 τὴν
656 1087 792 1174 ἐκβολὴν
814 1098 876 1152 τῶν
901 1089 1055 1176 βασιλέων
1080 1095 1121 1170 είς
1138 1082 1323 1184 ἀναγραφὴν

170 1193 293 1279 δημοσίαν
324 1195 417 1269 αὖθις
447 1195 596 1280 ἤχθησαν
627 1191 678 1255 ὑπ’
702 1194 815 1276 ἀνδρὸς
840 1194 1022 1278 ἱεροφάντου
1045 1195 1143 1262 Γαίου
1166 1199 1322 1286 Παπιρίου

167 1303 206 1384 τἠν
225 1301 365 1364 οίποίντων
388 1308 450 1363 τῶν
476 1300 565 1381 ίερων
581 1297 748 1384 ἠγεμονίαν
766 1299 903 1382 έχοντος.
950 1301 1000 1366 13.
1023 1303 1149 1369 Paulus
1163 1307 1206 1375 od
1221 1308 1240 1373 l.
1258 1307 1321 1372 Iul.

166 1406 265 1489 etPcp.
290 1406 346 1491 (1).
363 1405 565 1488 50‚16,144):
597 1403 734 1469 Granius
757 1403 889 1469 Flaccus
912 1407 946 1470 in
969 1407 1052 1472 libro
1074 1411 1113 1475 de
1135 1411 1203 1477 iure
1225 1410 1322 1498 Papi-

164 1511 234 1577 riano
254 1512 376 1592 scribit,
399 1512 551 1597 paelicem
572 1533 656 1575 nunc
672 1510 768 1595 volgo
784 1512 890 1575 vocari
915 1517 965 1577 cet.
1014 1514 1063 1579 14.
1088 1517 1231 1582 Macrob.
1249 1519 1320 1602 (cut.

162 1615 281 1704 3,11‚‚5):
304 1616 343 1682 In
367 1616 540 1701 Papiriano
563 1617 698 1680 -iure
721 1615 882 1681 evidenter
898 1617 1034 1683 relatum
1051 1625 1108 1702 est,
1132 1645 1206 1687 arae
1220 1623 1321 1688 vicem

161 1728 301 1807 praestare
335 1745 428 1808 posse
458 1743 600 1786 mensam
631 1720 779 1785 dicatam.
827 1722 877 1788 15.
913 1721 1042 1790 Seruius
1066 1726 1116 1813 (ιίι
1139 1728 1225 1813 Verp.
1241 1729 1320 1794 Αοιι.

161 1831 292 1914 12,836)ι
316 1831 403 1916 quod
419 1830 465 1893 ait
477 1827 668 1913 (Vergilius)
684 1825 815 1893 ‘morem
831 1830 975 1914 ritusque
991 1853 1154 1896 sacrorum
1166 1832 1319 1915 adiciam,

159 1935 212 2019 ipso
231 1936 328 2001 titulo
350 1935 432 2020 legis
455 1933 602 2020 Papiriae
624 1956 700 1998 usus
723 1937 781 2015 cst,
806 1958 902 2019 quam
926 1935 1046 2002 sciebat
1068 1938 1106 2003 de
1125 1939 1191 2003 ritu
1214 1962 1320 2005 sacro-

159 2064 212 2107 mm
231 2042 438 2128 publicatam.

584 2273 609 2338 Ι.
657 2272 875 2340 ROMULUS.

549 2412 580 2480 a)
609 2412 671 2469 luc
700 2414 904 2481 publlcum.

226 2535 253 2601 1.
278 2535 380 2600 Diem
403 2534 518 2620 (2,9):2
541 2534 578 2601 Ὁ
596 2537 630 2600 δέ
645 2535 807 2620 Ῥωμύλος
831 2537 938 2622 ἐπειδὴ
962 2535 1097 2620 διέκρινε
1120 2539 1193 2613 τοὺς
1215 2538 1318 2622 κρείτ-

156 2659 211 2714 τους
237 2643 299 2704 ἀπδ
332 2649 395 2703 τῶν
426 2640 580 2724 ἡττόνων,
618 2641 799 2726 ἐνομοθέτει
830 2644 908 2725 μετὰ
936 2649 1029 2705 τοῦτο
1061 2644 1116 2706 καί
1148 2643 1314 2728 διέταττεν,

157 2744 242 2830 δχρη
265 2745 414 2828 πράττειν
438 2744 626 2829 ἑκατέρους·
649 2750 722 2822 τοὺς
746 2748 801 2830 μὲν
825 2747 1013 2829 εὐπατρίδας
1036 2746 1182 2830 ἱερᾶσθαί
1204 2770 1239 2814 τε
1262 2752 1317 2814 καί

156 2850 244 2933 ίρχειν
267 2852 323 2915 καί
347 2849 497 2933 δικάζειν,
520 2853 593 2924 τοὺς
616 2850 651 2913 δέ
674 2850 864 2934 δημοτικοὺς
887 2861 1154 2935 -γεωργεῖν-
1169 2855 1224 2916 καί
1239 2875 1316 2940 κτη-

154 2966 295 3039 νοτροιρεῖν
316 2957 372 3019 καί
387 2957 444 3030 τὰς
459 2957 712 3040 χρηματοποιοὺς
729 2955 921 3039 ἐργοίζεσδαι
936 2955 1058 3040 τέχνας.
1075 2995 1116 3003 -
1132 2979 1315 3042 παρακατα-

155 3098 347 3109 ᾕ-

211 3151 234 3217 l)
252 3148 384 3217 (Marcius
402 3145 561 3201 convocatis
573 3145 752 3215 pontificibus
764 3164 905 3202 sacrorum
918 3148 1141 3213 commentarios,
1155 3166 1223 3218 quos
1233 3149 1314 3205 Pom·

153 3234 222 3303 pilius
245 3236 456 3306 composuerat,
486 3233 522 3287 ab
546 3233 615 3303 ipsis
644 3235 771 3303 acceptos
796 3234 903 3288 tabulis
921 3235 1063 3306 inscripsit
1082 3253 1184 3305 easque
1202 3235 1233 3290 in
1253 3237 1313 3294 foro

153 3324 288 3394 proposuit,
307 3340 381 3392 quac
402 3324 543 3377 vetustate
561 3323 677 3376 tandem
698 3323 865 3392 absumptae
883 3326 961 3388 sunt;
983 3355 1015 3363 -
1035 3325 1100 3393 post
1118 3326 1229 3380 exactos
1248 3342 1314 3380 vero

153 3424 218 3478 reges
234 3410 338 3465 iterum
357 3410 469 3480 publice
487 3410 517 3462 in
535 3409 646 3464 litteras
666 3411 774 3465 relatae
793 3413 859 3465 sunt
877 3429 927 3481 per
940 3411 1042 3465 Gaium
1058 3410 1204 3481 Papirium
1222 3411 1315 3481 ponti·

150 3493 214 3550 ficem
233 3497 407 3567 maximum.)
436 3496 479 3565 Of.
496 3497 645 3564 Isio.1‚32:
664 3498 757 3551 Ancus
776 3527 809 3537 -—
828 3515 907 3552 sacra
926 3498 1039 3567 publica
1058 3500 1091 3551 ut
1109 3498 1145 3552 ab
1158 3497 1253 3553 Numa
1271 3498 1314 3552 in-

151 3583 354 3650 obmutuerant,
374 3602 407 3639 ex
426 3585 634 3640 commentariis
654 3586 738 3653 regiis
757 3586 919 3655 pontificem
937 3586 968 3639 in
988 3586 1085 3640 album
1102 3586 1196 3640 relata
1214 3604 1314 3658 propo-

149 3685 201 3725 nere
224 3672 254 3725 in
272 3672 386 3742 publico
404 3672 490 3727 iubet.
528 3672 613 3726 Dion.
633 3676 686 3740 5‚1:
715 3682 819 3741 πρῶτος
843 3680 919 3741 ἱερῶν
938 3677 1057 3740 βασιλεὺς
1084 3675 1143 3735 (rex
1161 3677 1314 3743 sacrorum)

148 3757 232 3824 Μάνιος
259 3764 395 3828 Παπίριος,
424 3790 457 3798 -
485 3763 512 3830 2)
532 3761 677 3830 (Romulus
702 3764 853 3830 postquam
880 3761 1001 3831 potiores
1024 3761 1060 3815 ab
1077 3760 1256 3817 inferioribus
1274 3779 1313 3816 se·

150 3846 234 3913 crevit,
252 3866 316 3903 mox
335 3849 412 3916 leges
430 3847 497 3901 tulit
517 3850 558 3913 et,
584 3849 652 3916 quid
670 3850 797 3918 utrisque
816 3849 976 3904 faciendum
997 3851 1069 3904 esset
1088 3849 1240 3919 disposuit:
1262 3869 1311 3920 pa·

149 3931 212 3987 tricii
231 3935 393 3990 sacerdotiis
414 3937 443 3989 et
461 3935 678 4004 magistratibus
696 3937 882 4005 fungerentur
902 3940 931 3991 et
945 3937 1110 4002 iudicarent,
1131 3937 1235 4006 plebeii
1248 3955 1312 3993 vero

147 4035 216 4088 agros
234 4022 357 4077 colerent
377 4024 406 4076 et
424 4039 507 4091 pecus
527 4025 638 4078 alerent
656 4027 685 4078 et
699 4025 904 4080 mercennarias
925 4027 999 4080 artes
1013 4027 1180 4080 exercerent.
1210 4025 1249 4078 Ut
1262 4025 1309 4080 de·

147 4108 257 4175 positum
288 4127 353 4165 vero
373 4109 557 4179 patriciorum
576 4112 641 4166 fidei
659 4113 799 4168 commisit
816 4114 952 4183 plebeios,
977 4113 1144 4182 permittens
1162 4112 1311 4183 unicnique

144 4210 214 4260 quem
231 4196 291 4266 ipse
312 4196 366 4251 sibi
388 4197 477 4252 vellet
498 4199 602 4269 eligere
613 4202 774 4271 patronum,
793 4204 979 4271 patronatum
993 4200 1139 4271 appellans
1152 4201 1204 4255 hoc
1215 4203 1310 4270 patro·

142 4280 253 4354 ciuium.)
285 4285 328 4355 Cf.
353 4286 407 4341 Cic.
432 4287 464 4340 de
480 4304 533 4356 rep.
553 4292 609 4356 2‚9:
640 4290 775 4345 Romulus
803 4289 959 4344 -habuit
983 4287 1095 4358 plebem
1114 4287 1144 4340 in
1163 4288 1309 4345 clientelas

142 4369 290 4443 principum
308 4373 488 4444 descriptam.

1062 4464 1076 4518 1
1086 4462 1102 4496 ιι
