2954 5010
611 298 698 370 Leges
717 299 823 370 regiae.
1297 302 1318 368 9

228 481 259 546 5.
285 479 416 547 Cassius
429 477 571 544 Ηοικίκα
596 477 685 560 apud
694 476 841 542 Plinium
857 476 934 562 (καί.
942 478 1011 542 δῖοί.
1018 479 1187 564 32‚2,20):
1209 476 1319 545 Numa

144 586 319 667 constituit,
348 589 385 650 ut
406 584 518 669 pisces,
550 583 605 669 qui
627 583 788 668 squamosi
810 605 875 648 non
898 589 1013 665 essent,
1035 586 1069 649 ni
1093 583 1318 670 pollucerent.¹

230 693 260 759 6.
285 691 415 757 Plinius
437 689 796 775 (uat.tlst.14‚12,88):
820 712 858 755 ex
872 689 1032 774 imputata
1054 690 1119 755 vite
1134 691 1229 755 libari
1244 691 1319 754 vina

143 798 200 863 diis
223 797 314 862 nefas
337 797 452 862 statuit
477 794 640 882 (Numa).²

229 904 259 967 7.
294 902 406 985 Dydus
429 901 735 986 (demeus.1,31):⁸
771 903 826 965 καί
849 909 941 965 τοῦτο
969 902 1004 965 δὲ
1026 903 1105 985 πρός
1128 908 1183 965 τοῦ
1205 899 1319 985 Νουμᾶ

145 1006 349 1088 διατέθειται,
384 1007 464 1070 ὥστε
485 1009 557 1081 τοὺς
581 1006 672 1089 ίερεῖς
694 1006 831 1092 χαλκαῖς
854 1006 996 1091 ψαλίσιν,
1026 1007 1097 1072 ἀλλ’
1119 1010 1156 1072 οὐ
1179 1008 1319 1093 σιδηραῖς

143 1112 380 1196 ἀποκείρεσθαι.

226 1219 258 1283 8.
294 1216 392 1284 Dlou.
416 1218 652 1305 (ass-up}
685 1217 870 1307 Περιλαβὼν
892 1258 936 1268 ——
959 1222 1084 1286 ἀπασαν
1107 1225 1163 1306 τὴν
1186 1223 1257 1306 περί
1279 1224 1319 1286 τά

145 1322 219 1386 θεῖα
241 1324 430 1408 νομοθεσίαν
453 1333 588 1408 γραφαῖς
612 1324 723 1389 διεῖλεν
747 1326 790 1401 εἰς
812 1326 897 1389 όκτὼ
922 1326 1040 1411 μοίρας,
1065 1328 1135 1390 όσαι
1150 1335 1212 1391 τῶν
1228 1326 1319 1409 ίερῖιν

144 1429 221 1513 ἦσαν
246 1428 279 1492 ul
301 1428 478 1515 συμμορίαι.
504 1428 695 1515 (κουρίωνες,
719 1430 879 1515 φλάμινες,
902 1430 1053 1516 ἡγεμόνες
1076 1437 1137 1494 τῶν
1156 1429 1318 1513 κελερίων,

145 1534 288 1618 αὐγόρες,
312 1535 462 1618 ἑστιάδες,
486 1536 598 1620 σάλιοι,
622 1537 790 1624 φητιάλεις,
812 1537 1014 1625 ποντίφικες.)

229 1643 260 1706 9.
298 1640 490 1707 Plutarchus
512 1644 649 1726 (Ναικο,
675 1645 774 1730 10):⁶
808 1643 908 1728 Τιμὰς
932 1645 967 1708 δὲ
990 1642 1131 1728 μεγάλας
1154 1640 1319 1706 ἀπέδωκεν

145 1745 251 1820 αὐταῖς
276 1747 496 1833 (Vestalibus),
520 1750 562 1812 ὧν
587 1750 651 1814 έστι
674 1752 729 1814 καί
751 1753 787 1814 τό
811 1749 981 1815 διαθέσθαι
997 1750 1112 1827 ζῶντος
1129 1746 1242 1826 ἐξεῖναι
1257 1769 1318 1810 πα-

144 1852 213 1934 τρὸς
245 1853 301 1915 καί
330 1840 433 1918 τάλλα
460 1854 606 1939 πράττειν
639 1859 711 1922 ἀνευ
739 1856 917 1941 προστάτου
941 1855 1111 1940 διαγούσας
1145 1855 1250 1937 ὥσπερ
1282 1853 1314 1917 αί

146 1955 312 2038 τρίπαιδες.

623 2136 846 2206 inaulita,

229 2274 281 2341 10.
308 2274 406 2340 Diua.
434 2276 584 2362 (2,,27)ι8
608 2277 729 2343 ἐκτῶν
752 2276 845 2362 Νομᾶ
867 2278 1045 2363 -νόμων,
1069 2278 1101 2342 έν
1125 2278 1169 2352 οίς
1192 2278 1247 2340 καί
1265 2277 1319 2340 οὔ·

145 2402 193 2457 τος
225 2379 420 2465 γέγραπται·
455 2382 509 2444 ἐὰν
542 2384 646 2466 πατὴρ
677 2381 732 2467 uid»
755 2381 947 2470 συγχωρήσῃ
970 2392 1106 2467 γυναῖκα
1129 2380 1319 2466 ἀγαγέσθαι,

146 2555 187 2610 τοί
205 2555 316 2611 maiora
345 2555 390 2610 vel
416 2554 561 2610 lactentia.
599 2555 642 2624 Of.
669 2556 744 2612 Plut.
772 2556 860 2611 Marc.
882 2561 913 2610 8:
933 2561 1016 2624 φασίν,
1035 2560 1064 2609 έν
1081 2564 1136 2621 τοῖς
1154 2559 1319 2624 ὑπομνήμασι

145 2645 230 2712 ,Νομᾶν
257 2647 404 2711 Πομπίλιον
437 2648 485 2697 καί
518 2647 625 2710 πρώτων
655 2648 763 2712 ὀπιμίων
793 2650 842 2698 καί
870 2649 997 2711 δευτέρων
1025 2650 1073 2698 καί
1099 2649 1202 2712 τρίτωνγ
1220 2661 1317 2711 μνημο-

146 2736 231 2798 νείιειν,
250 2737 284 2786 τὰ
303 2736 350 2802 μέν
368 2739 459 2800 πρῶτα
478 2735 615 2801 ληφθέντα
633 2740 670 2800 τῷ
683 2736 814 2802 Φερετρίῳ
833 2735 872 2787 Διί
889 2737 1032 2790 κελεόοντα
1047 2735 1196 2799 καθιεροῦν,
1215 2734 1249 2784 τά
1262 2733 1320 2784 δεό-

147 2839 208 2887 τερα
234 2824 264 2873 δέ
287 2829 324 2888 τῷ
348 2822 435 2888 Ἀρεῖ,
463 2824 496 2873 τὰ
518 2824 548 2874 δέ
571 2826 642 2888 τρίτα
666 2829 703 2889 τῷ
722 2824 838 2891 Κυρίνῳ·
867 2828 915 2876 καί
933 2827 1074 2890 λαμβάνειν
1092 2827 1181 2890 γέρας,
1207 2822 1319 2886 ἀσσάρια

146 2914 279 2978 τριακόσια
302 2913 348 2962 τόν
366 2916 477 2978 πρῶτον,
496 2912 540 2963 τόν
559 2914 588 2962 δὲ
605 2913 724 2977 δεότερον
743 2914 872 2979 διακόσια,
889 2916 934 2965 τόν
954 2915 983 2964 δέ
1000 2916 1087 2979 τρίτον
1108 2913 1211 2963 έκοιτόν.
1243 2907 1317 2962 Seru.

147 2998 173 3051 in
195 2997 271 3067 Verp.
290 2997 358 3052 Aea.
378 3000 472 3066 6,860:
498 2996 591 3066 prima
611 3029 642 3036 -
663 2998 723 3053 lovi
741 2999 880 3068 suspendi,
900 3031 933 3040 -
946 2999 1068 3055 secunda
1079 2997 1173 3063 Marti,
1186 3028 1220 3036 -
1233 2995 1320 3050 tertia

147 3085 266 3151 Quirino.

213 3174 240 3241 l)
261 3172 303 3243 Of.
323 3173 395 3228 Fert.
414 3173 565 3230 Pollueere.
587 3207 616 3215 -
636 3176 663 3246 2)
683 3176 724 3245 Of.
745 3176 819 3231 Pur.
838 3178 932 3232 Numa
946 3181 991 3231 14:
1011 3180 1046 3246 μὴ
1065 3182 1181 3231 σπένδειν
1199 3178 1274 3238 θεοῖς
1292 3177 1320 3238 ἐξ

147 3263 269 3329 ἀμπέλων
296 3264 416 3330 ἀτμήτων
442 3266 509 3331 μηδὲ
533 3265 606 3317 θόειν
625 3267 688 3330 άτερ
707 3267 821 3331 ἀλφίτων
849 3264 919 3331 (siue
938 3264 1031 3334 farre).
1052 3296 1084 3306 -
1104 3265 1131 3332 3)
1151 3263 1193 3333 (ld
1212 3277 1320 3331 quoque

148 3368 163 3404 a
180 3350 275 3404 Numa
294 3348 461 3405 institutum
480 3354 529 3416 est,
548 3354 582 3406 ut
601 3351 757 3408 sacerdotes
776 3352 888 3408 aheneis
900 3353 1048 3417 forficibus,
1067 3370 1124 3407 non
1141 3350 1238 3406 ferreis
1256 3350 1320 3403 ton·

149 3433 301 3507 derantur‘.)
319 3468 349 3478 -
367 3440 395 3508 4)
413 3439 541 3507 (Omnem
560 3440 690 3496 derebus
705 3441 807 3495 divinis
819 3441 1027 3511 legislationem
1040 3439 1150 3510 seriptis
1163 3439 1321 3508 complexus

145 3529 172 3583 in
200 3531 263 3586 osto
289 3527 385 3582 divisit
408 3531 516 3598 partes,
541 3532 611 3598 quot
629 3531 711 3584 erant
729 3530 905 3585 sacerdotum
924 3529 1062 3599 collegia)
1101 3527 1319 3598 OflIriu.1,20:

146 3616 308 3672 Pontificem
329 3646 357 3655 -
379 3615 450 3686 legit
469 3616 600 3686 (Numa),
631 3617 711 3686 eique
737 3633 816 3670 sacra
844 3617 938 3671 omnia
956 3617 1097 3686 exscripta
1115 3615 1319 3683 exsignataque

149 3704 296 3770 adtribuit,
316 3704 417 3773 quibus
437 3705 545 3769 hostiis,
565 3705 665 3774 quibus
684 3704 789 3769 diebus,
811 3705 846 3758 ad
865 3722 938 3773 quae
956 3704 1065 3774 templa
1078 3721 1157 3758 saera
1168 3703 1319 3758 fierent—.

146 3793 242 3849 Cetera
269 3809 378 3862 quoque
406 3793 501 3849 omnia
525 3792 639 3862 publiea
656 3792 825 3862 privataque
843 3810 924 3847 saera
941 3792 1080 3862 pontificis
1100 3791 1174 3845 scitis
1193 3789 1319 3857 subiecit,

147 3914 177 3922 —
202 3900 239 3938 ne
271 3881 340 3951 quid
364 3880 454 3935 divini
479 3880 548 3935 iuris
570 3912 600 3922 —-
622 3881 793 3936 turbaretur.
815 3911 844 3920 -—
865 3881 893 3949 5)
913 3881 1041 3950 (Magnos
1060 3878 1222 3934 Vestalibus
1241 3877 1320 3933 dedit

148 3970 271 4035 honores,
291 3969 366 4025 inter
384 3987 452 4040 quos
471 3970 596 4025 testandi
615 3969 680 4025 vivo
698 3970 780 4038 patre
799 3969 850 4034 ius,
871 3971 899 4023 et
911 3967 1020 4038 reliqua
1030 3966 1088 4022 sine
1100 3968 1194 4022 tutore
1207 3965 1321 4034 agendi,

148 4062 178 4113 ut
190 4059 323 4114 viverent
334 4058 368 4112 ed
387 4059 544 4128 exemplum
562 4075 666 4123 earum,
686 4074 758 4127 quae
775 4058 882 4113 habent
899 4057 942 4111 ius
961 4056 1048 4111 trium
1066 4054 1237 4123 liberorum.)
1275 4052 1319 4122 Of.

150 4147 216 4202 ΧΠ.
230 4152 281 4216 5,1.
309 4177 345 4186 -
362 4149 389 4216 6)
412 4146 708 4223 (elegibussNumaQ
728 4144 877 4216 inquibus
901 4145 987 4200 etiam
1005 4145 1075 4198 haec
1092 4144 1135 4197 est
1153 4143 1271 4211 scripta:
1298 4141 1322 4194 si

148 4237 224 4303 pater
250 4234 310 4290 filio
338 4234 495 4304 permiserit
522 4251 636 4290 uxorem
661 4234 776 4300 ducere,
803 4251 875 4304 quae
898 4251 930 4288 ex
949 4233 1059 4303 legibus
1076 4229 1216 4302 particeps
1235 4231 1272 4285 sit
1291 4231 1321 4285 et

150 4339 286 4381 sacrorum
306 4325 335 4379 et
353 4324 498 4390 bonorum,
523 4323 601 4393 patri
619 4341 675 4379 non
695 4321 816 4392 amplius
834 4321 877 4376 ius
896 4339 955 4377 esse
972 4321 1061 4375 filium
1080 4319 1239 4390 vendendi.)
1277 4320 1318 4389 Of.

150 4410 217 4469 Ρίκί.
236 4412 331 4468 Nerua
348 4415 388 4467 17.
