2940 4996
140 304 204 369 364
672 302 780 359 Festus.

143 483 176 544 et
197 501 360 545 sacrorum
384 480 585 564 publicorum
607 479 845 545 multitudinem
866 481 1115 547 consumebatur
1129 481 1163 546 id
1177 482 1212 546 in
1228 482 1306 547 rebus

140 584 266 649 divinis.
312 584 351 649 F
375 590 447 650 344.

142 688 349 755 Sacratae
371 691 457 775 leges
481 695 565 770 sunt,
589 692 704 776 quibus
727 695 870 755 sanctum
894 696 951 772 est,
975 693 1030 777 qui
1054 693 1150 777 quid¹
1174 694 1306 759 adversus

147 817 198 858 eas
222 795 348 874 fecerit,
381 817 468 860 sacer
490 796 585 860 alicui
613 797 743 860 deorum
769 797 811 861 sit
835 797 922 861 cum2
947 798 1071 864 familia
1097 799 1304 884 pecuniaque.

143 898 225 965 Sunt
249 901 304 984 qui
326 922 393 964 essa
416 901 523 965 dicant
539 905 688 980 sacratas,
713 924 791 985 quas
807 903 914 986 plebes
937 904 1043 969 iurata
1058 905 1093 968 in
1108 908 1304 970 montesacro

142 1002 296 1068 sciverit4.
342 1004 383 1069 F.
406 1011 480 1070 318.
1148 1008 1154 1016 ’

143 1107 436 1174 Sacrifioulus
468 1134 524 1176 rex
552 1108 732 1194 appellatus
764 1114 812 1175 est
843 1112 899 1195 qui
930 1133 967 1176 ea
989 1133 1089 1192 sacra,
1124 1134 1207 1198 quae
1229 1133 1301 1196 regas

146 1214 249 1279 facere
271 1220 485 1296 assueverant,
508 1216 660 1281 fecisset⁶.
707 1217 744 1280 P.
767 1221 841 1282 319.
887 1215 954 1300 (Os.
977 1216 1016 1280 F.
1039 1221 1135 1299 318.)

146 1319 484 1386 Sacrosanctum
507 1322 633 1402 dicitur,
659 1323 742 1405 quod
765 1323 968 1387 iureiurando
990 1322 1182 1406 interposito
1206 1326 1249 1386 est
1266 1322 1301 1384 in-

147 1425 308 1504 stitutum,
332 1425 359 1490 si
383 1426 454 1509 quis
476 1426 510 1489 id
533 1426 692 1506 violasset,
715 1430 752 1490 ut
775 1429 878 1490 morte
901 1448 1018 1510 poenas
1041 1427 1211 1511 penderet3
1232 1427 1300 1489 ouius

144 1531 269 1615 generis
292 1536 368 1596 sunt
389 1532 511 1596 tribuni
544 1532 646 1615 plebis
675 1531 855 1616 aedilesque
882 1530 1020 1596 eiusdem
1047 1530 1201 1607 ordinis⁶;
1234 1529 1298 1614 quod

145 1636 293 1700 adfirmat
315 1636 360 1700 M.
375 1634 453 1700 Cato
468 1637 503 1701 in
524 1659 571 1717 ea,
595 1659 690 1721 quam
706 1638 844 1722 scripsit,
861 1638 971 1702 aedilis
987 1637 1090 1722 plebis
1107 1638 1298 1702 sacrosanctos

145 1763 220 1806 esse.
267 1741 306 1805 F.
330 1746 405 1808 318.

146 1845 198 1912 Sa
205 1847 348 1931 gmina
378 1849 533 1910 vocantur
564 1847 735 1926 verbenae,
767 1845 800 1908 id
827 1848 876 1909 est
897 1845 1015 1910 herbae
1037 1867 1154 1929 purae,
1185 1844 1252 1930 quia
1269 1863 1295 1906 er

147 1952 217 2015 loco
241 1955 351 2016 saneto
374 1951 632 2016 arcessebanturl
664 1951 833 2015 aconsule
855 1953 1057 2034 praetoreve,
1088 1951 1205 2036 legatis
1224 1948 1298 2035 profi·

147 2057 336 2122 oiscentibus
368 2057 408 2121 ad
430 2056 541 2121 foedus
571 2055 751 2120 faciendum
774 2055 957 2138 bellumque
979 2056 1199 2135 indicendum3
1228 2055 1297 2120 vela

147 2162 333 2242 sanciend0,
364 2163 398 2226 id
421 2161 718 2233 estconfirmando.
763 2160 922 2226 Naevius:
959 2159 1054 2226 ‘Iovis
1077 2165 1234 2226 sacratum
1249 2154 1297 2223 ius⁸

148 2267 318 2331 iurandum
340 2266 520 2354 sagmine.'⁰
567 2266 605 2330 F.
629 2271 705 2332 321.
751 2267 804 2350 (P.
827 2268 922 2351 320.)

149 2371 316 2437 Saltum
339 2372 449 2437 Gallus
473 2371 584 2436 Aelius
606 2371 628 2435 l.
652 2370 686 2436 ll
707 2371 990 2456 significationum,
1014 2394 1097 2456 quae
1120 2373 1228 2437 adius
1246 2391 1298 2455 pcr-

152 2478 265 2555 tineut,
289 2477 336 2541 ita
358 2476 486 2542 definit:
510 2479 620 2542 ‘saltus
644 2481 701 2557 est,
724 2476 780 2541 ubi
803 2477 901 2542 silvae
924 2482 956 2542 et
970 2478 1132 2562 pastiones
1147 2483 1228 2556 sunt,
1241 2497 1299 2560 qua·

154 2606 223 2647 rum
247 2605 342 2647 causa
365 2605 455 2648 casae
479 2606 622 2668 quoque;
647 2584 674 2647 si
697 2606 760 2667 qua
783 2583 939 2667 particula
960 2584 994 2647 in
1011 2605 1048 2648 eo
1063 2583 1149 2648 saltu
1164 2587 1300 2668 pastorum

151 2693 206 2752 aut
228 2690 395 2753 custodum
417 2711 512 2753 causa
534 2693 661 2768 aratur,
695 2711 731 2753 ea
762 2711 811 2753 res
842 2710 907 2752 non
930 2689 1064 2772 peremit
1087 2709 1202 2753 nomen
1223 2687 1299 2752 saltus

151 2817 215 2858 non
238 2795 341 2879 magis
365 2817 460 2880 quam
483 2794 590 2873 fundi,
624 2795 680 2878 qui
709 2798 757 2859 est
788 2794 822 2857 in
853 2814 931 2879 agro
970 2794 1056 2858 culto
1089 2797 1121 2858 et
1144 2795 1209 2858 eius
1228 2809 1299 2856 causa

149 2900 246 2964 habet
270 2899 457 2977 aedificium,
481 2898 508 2962 si
525 2921 588 2983 qua
603 2899 760 2982 particula
775 2899 808 2962 in
825 2921 861 2963 eo
876 2898 975 2963 habet
989 2899 1123 2963 silvam?
1148 2898 1188 2962 F.
1203 2901 1267 2963 302.

151 3004 338 3069 Sanates
361 3004 437 3068 dicti
460 3009 545 3085 sunt,
570 3005 625 3089 qui
648 3027 744 3088 supra
767 3004 914 3088 infraque
929 3002 1067 3068 Romam
1082 3002 1298 3071 habitaverunt

153 3111 236 3195 quod
261 3131 376 3173 nomen
399 3109 450 3173 his
474 3109 547 3188 fuit,
571 3108 656 3193 quia,
681 3129 751 3173 cum
776 3105 998 3173 defecissent¹⁰
1021 3107 1214 3187 aRomanis,
1233 3100 1298 3170 brevi

151 3219 224 3299 post
259 3216 420 3280 redierunt
451 3215 484 3279 in
517 3213 707 3294 amicitiam,
742 3215 833 3298 quasi
863 3218 975 3279 sanata
998 3217 1114 3278 mente.
1160 3207 1298 3297 Itaquein

152 3318 249 3384 Xll¹¹
274 3324 403 3384 cautum
427 3324 484 3400 est,
509 3324 545 3384 ut
567 3320 652 3384 idem
674 3319 753 3384 iuris
777 3323 859 3384 esset
881 3319 1046 3384 senatibus
1064 3319 1149 3401 quod
1162 3315 1297 3386 forctibua

235 3514 260 3584 1)
280 3512 411 3582 quioquid
431 3513 487 3567 cod.
508 3543 539 3550 -
560 3512 587 3577 2)
606 3511 643 3563 sit
661 3516 734 3574 oum]
755 3510 827 3564 siout
845 3509 901 3564 cod.
920 3539 954 3548 —
973 3508 1000 3579 3)
1021 3509 1083 3564 Lib.
1102 3512 1162 3576 2,8.·
1186 3507 1262 3561 Lateo
1275 3527 1299 3540 ν

151 3601 226 3669 leges
246 3607 274 3668 (a
295 3600 407 3654 Valerio
436 3599 590 3669 Poplicola)
605 3629 649 3651 4-
671 3599 705 3653 de
723 3597 859 3653 sacrando
883 3613 946 3651 cum
971 3596 1051 3652 bonis
1069 3595 1163 3666 capita
1181 3595 1245 3654 eius,
1266 3583 1299 3656 qui

152 3686 235 3755 regni
259 3686 411 3755 occupandi
438 3685 554 3741 consilia
571 3684 678 3739 inisset.
714 3684 776 3738 Isia.
799 3686 871 3747 3,55.·
898 3682 1064 3739 sanciendo:
1092 3686 1124 3737 ut
1142 3673 1299 3752 quitabunt

153 3773 251 3844 plebis,
277 3773 428 3842 aedilibus,
454 3773 590 3827 iudicibus
609 3772 772 3826 decemviris
791 3771 942 3835 nocuisset,
962 3770 1020 3824 eius
1039 3771 1124 3841 caput
1143 3769 1200 3826 lovi
1216 3776 1299 3821 sacrum

153 3864 236 3927 essct,
266 3861 376 3915 familia
405 3861 441 3916 ad
472 3861 569 3916 aedem
589 3860 708 3923 Cereris,
738 3859 831 3914 Liberi
851 3858 1022 3927 Liberaeque
1041 3874 1144 3912 venum
1160 3858 1219 3912 iret.
1239 3880 1267 3893 -
1280 3849 1298 3904 ll

152 3951 214 4005 Isia.
232 3954 309 4018 2‚33.·
336 3948 420 4013 Sunt,
449 3949 498 4018 qui
516 3950 584 4004 duos
604 3950 719 4002 tantum
738 3947 769 4001 in
791 3965 868 4002 sacro
886 3948 983 4001 monte
1001 3948 1110 4000 creatos
1128 3945 1246 3999 tribunos
1260 3947 1299 3991 9⁸⁸0

153 4036 252 4091 dicant
278 4036 373 4105 ibique
392 4039 534 4091 sacratam
553 4038 646 4106 legem
665 4037 764 4091 latam.
784 4066 817 4074 —
837 4035 863 4104 5)
881 4033 951 4088 facit
964 4033 1070 4089 Festus.
1089 4065 1123 4074 —
1143 4036 1168 4102 6)
1188 4031 1225 4100 Of.
1240 4034 1299 4093 aum

154 4145 180 4182 a.
200 4131 223 4181 3.
246 4157 276 4165 -
297 4127 323 4196 7)
343 4125 511 4180 arcebantur
530 4125 586 4180 cod.
605 4126 718 4192 ibantque
737 4124 809 4178 Paul
844 4165 849 4176 .
868 4153 903 4162 -
921 4122 949 4191 8)
968 4121 1040 4177 lovis
1053 4124 1194 4176 sacratum
1213 4115 1259 4182 ius]
1271 4109 1300 4202 im.

154 4217 295 4269 sacratum
321 4213 392 4268 lovis
416 4213 473 4267 cod.
502 4243 530 4249 —
562 4214 589 4271 9)
615 4212 700 4280 Apud
718 4212 835 4265 Paulam
853 4228 883 4280 p.
902 4214 956 4264 320
982 4211 1098 4280 affertur
1121 4224 1208 4264 caasa
1228 4195 1299 4258 ΝΜ)

155 4308 213 4360 hic:
232 4321 327 4372 scopas
345 4305 454 4372 (scapos
473 4301 507 4368 G,
529 4317 625 4370 scapos
644 4300 714 4368 MT)
734 4302 820 4368 atque
837 4299 973 4354 verbenas
991 4297 1122 4367 sagmina
1145 4284 1298 4365 sumpserunt·

159 4425 187 4433 ψ
210 4393 253 4461 10)
274 4390 419 4445 defecisset
437 4391 494 4445 cod.
513 4419 548 4429 -
568 4390 610 4458 11)
628 4406 652 4443 o.
670 4404 755 4457 supro
769 4404 798 4457 p.
818 4390 852 4440 18
870 4387 923 4442 tab.
943 4388 990 4453 1,5.
