2940 4996
150 310 213 377 110
563 359 565 364 ,
621 305 678 367 on
696 306 769 363 iulia
787 305 823 364 de
840 304 877 363 vt.

149 487 239 551 bulas
259 492 264 570 ἰ
285 488 394 551 eodem
417 485 496 565 loco,
520 486 593 550 ubei
617 490 738 550 ceterae
760 486 891 551 tabulae
912 485 1061 569 publicae
1076 490 1182 566 eruut,
1206 486 1242 550 in
1260 487 1338 572 qui·

147 592 207 656 bus
230 613 342 656 census
365 591 477 674 populi
501 591 697 674 perscriptus
720 591 791 669 erit,
815 592 1009 656 condendao¹
1034 594 1154 656 curato.
1178 587 1252 678 ΝΙ

235 695 297 775 Qui
318 695 464 779 pluribus
498 696 532 758 in
554 693 754 777 municipieis
777 694 916 759 coloneis
946 694 1173 778 praefectureis
1197 695 1333 760 domici-

147 801 226 864 lium
248 800 382 866 habebit
404 804 436 864 et
458 797 506 863 is2
530 797 651 863 Romae
674 821 785 863 census
808 797 878 877 erit,
902 820 965 882 quo
987 799 1092 884 magis
1112 797 1117 884 Ι
1136 799 1172 863 in
1195 801 1335 865 munici-

147 906 201 988 pio
223 905 347 969 colonia
369 904 570 988 praefectura
592 903 624 967 h.
640 904 662 966 l.
687 906 862 982 censeatur,
886 901 981 987 qius)
1004 903 1037 968 h.
1053 903 1076 968 l.
1091 903 1205 990 nobil)
1221 910 1336 991 rtoga-

148 1011 225 1094 tur).
250 1028 296 1075 Ν
315 1009 319 1090 Ι

236 1113 315 1190 Quei
337 1116 408 1200 lege
430 1113 603 1198 pl(ebei)ve
619 1110 727 1197 sc(ito)
751 1113 923 1196 permissus
945 1116 994 1178 est
1008 1113 1091 1196 fuit,
1114 1115 1183 1180 utei
1198 1115 1291 1202 leges
1306 1117 1344 1183 in

72 1233 129 1287 160.
148 1219 322 1302 municipio
345 1218 487 1283 fundano
512 1218 765 1302 municipibusve
788 1217 855 1282 eius
871 1217 1025 1301 municipi
1040 1219 1140 1298 daret,
1153 1218 1163 1305 Ι)
1175 1221 1222 1285 sei
1239 1222 1343 1306 quid⁸

148 1325 175 1388 is
197 1329 271 1407 post
293 1323 325 1387 h.
351 1324 372 1387 l.
397 1323 573 1409 r(ogatam)
598 1324 632 1387 in
656 1346 692 1388 eo
716 1344 799 1388 auno
822 1344 989 1407 proxumo,
1013 1346 1077 1408 quo
1098 1325 1131 1390 h.
1145 1324 1170 1391 l.
1193 1327 1340 1411 populus

149 1429 270 1508 iuuerit,
296 1428 336 1492 ad
352 1450 404 1492 eas
420 1428 507 1513 leges
532 1426 702 1514 [addiderit
717 1430 949 1493 commutaverit
964 1426 1179 1516 coercuerit‘L
1195 1432 1341 1497 munici-

148 1532 215 1616 pis⁶
237 1533 395 1598 fundanos
416 1534 421 1616 Ι
440 1535 518 1597 item
534 1536 651 1612 teneto,
674 1533 741 1597 utei
756 1537 928 1617 oporteret,
948 1534 994 1598 sei
1009 1555 1062 1599 eac
1077 1555 1126 1599 res
1142 1535 1185 1599 ab
1200 1558 1240 1600 eo
1256 1542 1336 1618 urm,

148 1662 244 1723 quom
267 1640 407 1722 primum
430 1639 518 1723 leges
541 1638 586 1702 eis
608 1637 822 1721 municipibus
852 1640 923 1725 lege
945 1638 1120 1723 pl(ebei)ve
1142 1639 1257 1724 sc(ito)
1282 1643 1334 1707 de·

148 1745 213 1819 dit,
245 1745 310 1826 tad
334 1766 386 1809 eas
409 1743 495 1828 leges
524 1743 651 1807 additae
674 1746 888 1808 commutatae
911 1747 1076 1809 correctae
1098 1750 1221 1826 essent3
1259 1770 1332 1814 neve

150 1850 220 1933 quis
243 1850 430 1914 intercedite
454 1871 532 1914 neve
552 1849 627 1934 quid
642 1848 752 1929 facito,
776 1849 958 1933 quominus
978 1845 982 1934 Ι
1002 1871 1040 1914 ea
1052 1853 1124 1914 rata
1134 1851 1215 1930 sint,
1232 1873 1330 1936 quove

148 1955 253 2018 minus
276 1953 446 2037 municipis
470 1953 627 2018 frmdanos
651 1953 797 2018 teneaot⁶
820 1954 929 2038 eisque
952 1956 1203 2038 optemperetur.
1218 1964 1233 2038 Ι)

452 2125 502 2190 19.
547 2124 631 2191 Lex
653 2125 853 2191 Falcidia
888 2149 917 2192 a
942 2126 1016 2193 714.

227 2265 356 2340 (Paulus
380 2267 398 2325 l.
420 2267 495 2339 stop.
517 2266 558 2324 od
578 2267 597 2325 t.
612 2267 697 2325 Folo.
710 2265 735 2323 ⁷:
755 2265 814 2324 Lex
835 2265 966 2324 Falcidia
985 2266 1049 2326 lata
1068 2269 1123 2340 est,
1145 2287 1226 2344 quae
1240 2271 1332 2346 primo

148 2361 244 2436 capite
266 2361 389 2420 liberam
411 2361 530 2438 legendi
553 2360 727 2420 facultatem
750 2361 834 2420 dedit
854 2361 901 2421 his
922 2362 1049 2441 verbist)

238 2457 300 2534 Qui
322 2459 405 2523 cives
429 2457 567 2523 Romani
590 2462 676 2538 sunt,
700 2458 756 2543 qui
778 2480 889 2523 eorum
910 2464 984 2543 post
1005 2460 1090 2526 banc
1112 2463 1219 2548 legem
1239 2486 1333 2551 roga·

149 2568 216 2628 tam
246 2567 474 2628 testamentum
508 2563 612 2629 facere
644 2564 748 2643 volet,
781 2569 818 2628 ut
852 2586 922 2628 eam
951 2567 1120 2650 pecuniam
1142 2590 1264 2654 easque
1285 2592 1333 2634 res

150 2669 331 2753 quibusque
354 2668 429 2732 dare
452 2668 560 2754 legare
583 2669 679 2747 volet,
711 2669 761 2732 ius
783 2672 989 2755 potestasque
1012 2674 1091 2752 esto,
1120 2676 1159 2738 ut
1180 2672 1244 2739 hac
1266 2676 1333 2761 lege

149 2773 311 2857 sequenti⁸
335 2773 454 2838 licebit.

241 2875 386 2956 (Secundo
407 2878 501 2952 eapite
521 2878 642 2936 modum
662 2878 830 2953 legatorum
851 2880 1008 2939 constituit
1027 2880 1074 2940 bia
1097 2882 1226 2959 vorbist)

238 2973 435 3058 Quicumque
457 2975 535 3039 civis
548 2972 712 3040 Romanus
735 2976 913 3060 posthanc
935 2977 1039 3064 legem
1060 2983 1210 3065 rogatam
1234 2985 1334 3047 testa·

151 3083 295 3144 mentum
317 3079 428 3158 faciet,
451 3079 479 3143 is
503 3084 658 3164 quantam
680 3082 794 3167 cuique
818 3083 881 3147 civi
903 3082 1049 3149 Romano
1071 3087 1242 3170 pecuniam
1263 3088 1333 3154 iure

150 3185 278 3270 publico
301 3185 377 3249 dare
398 3184 506 3270 legare
529 3184 632 3266 volet,
664 3187 714 3251 ius
737 3191 942 3273 potestasque
965 3192 1044 3269 esto,
1067 3190 1145 3254 dum
1167 3190 1216 3256 ita
1239 3191 1332 3258 detur

150 3290 319 3376 legatum⁹‚
343 3312 383 3354 ne
405 3291 511 3354 minus
534 3314 630 3375 quam
653 3296 778 3377 partem
803 3298 952 3379 quartam
971 3294 1160 3361 hereditatis
1175 3317 1214 3362 eo
1229 3301 1332 3363 testa·

149 3401 257 3462 mento
292 3396 420 3460 heredes
455 3398 599 3481 capiant,
645 3398 840 3483 eis[que¹⁰],
877 3400 993 3484 quibus
1028 3399 1105 3485 quid
1140 3401 1188 3466 ita
1221 3402 1333 3468 datum

150 3502 332 3587 legatumve
355 3501 427 3581 erit,
450 3524 520 3567 eam
543 3504 710 3587 pecuniam
733 3506 802 3570 sine
824 3504 936 3571 fraude
958 3529 1016 3571 sua
1034 3528 1147 3592 capere
1169 3509 1266 3574 liceto
1288 3510 1332 3575 ia-

151 3605 339 3690 quoheres,
365 3607 421 3689 qui
443 3629 512 3671 eam
535 3607 703 3692 pecuniam
726 3610 801 3674 dare
823 3609 946 3675 iussus⁸
971 3611 1141 3677 damnatus
1164 3614 1238 3695 erit,
1262 3637 1333 3680 eam

148 3710 317 3794 pecuniam
340 3709 453 3775 debeto
476 3712 560 3792 dare,
586 3736 682 3797 quam
707 3711 843 3800 [darem]
867 3716 1037 3782 damnatus
1060 3721 1118 3783 est.

282 3905 333 3972 20.
368 3905 452 3970 Lex
474 3904 590 3973 Iulia
612 3909 659 3974 de
681 3910 721 3974 vi
743 3910 922 3995 publica
945 3916 985 3976 et
1007 3912 1198 3996 privata.

230 4061 397 4140 (Ulpianus
423 4064 441 4121 l.
470 4063 576 4123 VIIII
598 4065 634 4124 de
655 4066 755 4139 ofdco'o
771 4084 910 4141 procons.
936 4069 990 4127 aab
1012 4069 1096 4127 titulo
1116 4068 1333 4130 adtletae·

222 4222 247 4290 1)
266 4219 417 4277 condenda.
436 4250 470 4259 -
490 4220 517 4290 2)
530 4219 588 4276 Μο.
606 4224 709 4277 numdi
727 4223 766 4278 sei
783 4223 815 4279 is.
835 4254 867 4264 -
887 4225 915 4293 3)
932 4222 1002 4292 quie.
1022 4254 1058 4262 -
1075 4223 1331 4294 &duodecimo

150 4309 232 4364 recti.
260 4340 294 4348 -
322 4310 350 4376 5)
377 4306 560 4377 municipieis.
583 4339 616 4347 -
634 4309 663 4379 6)
687 4311 792 4366 teneat.
811 4341 846 4351 —
864 4312 891 4380 7)
909 4311 947 4364 D.
966 4313 1060 4379 35,2‚1.
1079 4342 1114 4352 -
1132 4313 1162 4381 8)
1180 4311 1332 4368 Deleadon

151 4413 204 4452 earo
221 4397 290 4451 hooc
306 4413 394 4452 oocem
412 4395 470 4450 Mo.
488 4401 581 4450 comet.
602 4427 636 4436 -
655 4399 681 4466 9)
703 4398 810 4454 com:
829 4398 912 4454 detur
925 4399 1043 4468 legetur.
1065 4430 1096 4439 -
1116 4401 1161 4471 10)
1182 4399 1241 4456 Ina
1254 4400 1313 4457 Mo.
