2954 5010
223 303 265 368 14
710 300 918 372 Ιαωφωω

219 477 281 558 γάρ
314 476 380 559 ἅμα
411 483 476 550 τοῖς
500 473 608 551 ἄλλοις
631 476 746 541 άπασιν
770 474 950 560 ἐλευθέροις
974 478 1031 549 καί
1053 477 1182 555 retroue
1203 478 1403 563 τημὴάοιυθυιι

220 584 275 655 τὰς
299 580 416 662 οὐσίας,
439 580 482 653 εἰς
505 578 605 662 φυλάς
628 579 800 658 κατέταξεν
823 584 937 658 αὐτοὺς
960 586 1016 659 τάς
1040 588 1124 655 κατὰ
1146 588 1204 669 τὴν
1224 585 1317 655 πάλιν
1332 585 1404 656 ntra

218 707 315 770 ταρας
346 685 564 769 ὑπαρχούσας,
588 721 631 733 -
653 688 707 749 καί
737 688 861 752 πάντων
891 689 1040 753 ἀπέδωκε
1071 699 1132 753 τῶν
1156 699 1271 755 κοινῶν
1295 693 1402 766 αὐτοῖς

219 791 370 876 μετέχειν,
393 792 436 854 ὢν
459 792 522 864 τοίς
546 789 653 864 ἄλλοις
677 791 867 875 δημοτικοῖς.

306 899 337 961 4.
375 895 473 966 Dion,
498 894 644 979 (4.,13);1
665 898 738 971 τοὺς
760 897 874 981 νόμους
896 898 970 974 τούς
991 921 1026 964 τε
1049 898 1322 976 συναλλακτικοὺς
1346 903 1401 965 καί

218 1006 291 1077 τους
323 1004 395 1084 περί
427 1009 488 1063 τῶν
517 999 719 1084 ἀδικημάτων
752 1002 936 1085 ἐκεκύρωτο
964 1014 1032 1080 ταῖς
1056 1004 1224 1088 φράτραις·
1258 1008 1343 1090 ησαν
1366 1007 1402 1070 δὲ

219 1104 415 1190 πεντήκοντά
436 1126 497 1177 που
523 1103 657 1188 μάλιστα
679 1107 732 1168 τδν
756 1107 902 1191 ἀριθμόν.

307 1214 337 1277 5.
361 1207 616 1295 1)ι“οκ.(4,25);2
645 1210 764 1285 ἐκεῖνος
788 1212 898 1281 διελών
921 1214 985 1279 ἀπὸ
1001 1223 1063 1283 τῶν
1079 1214 1242 1286 ἰδιωτικῶν
1268 1214 1400 1302 (ἐγκλη-

219 1318 338 1402 μάτων)
362 1319 401 1379 τά
424 1315 568 1400 δημόσια,
593 1324 654 1381 τῶν
679 1317 733 1399 μὲν
757 1317 800 1391 εἰς
823 1319 857 1380 τὸ
881 1319 986 1381 κοινὸν
1009 1319 1167 1402 φερόντων
1191 1321 1398 1405 ἀδικημάτων

220 1424 313 1497 αὐτὸς
347 1422 481 1489 ἐποιεῖτο
503 1422 560 1493 τὰς
584 1419 783 1504 διαγνώσεις,
814 1431 877 1487 τῶν
900 1423 935 1487 δὲ
958 1422 1121 1488 ἰδιωτικῶν
1145 1424 1268 1501 ἰδιώτας
1291 1425 1402 1504 ἔταξεν

222 1531 298 1593 εἰναι
321 1526 483 1608 δικαστάς,
506 1527 598 1608 ὅρους
621 1527 676 1589 καί
698 1527 833 1601 κανόνας
849 1527 954 1601 αὐτοῖς
969 1525 1074 1610 τάξας,
1098 1529 1152 1604 οὓς
1168 1532 1263 1605 αὐτὸς
1279 1531 1403 1614 ἔγραψε

219 1635 344 1719 νόμους.

305 1742 335 1806 6.
369 1739 402 1806 Si
424 1761 672 1804 sussuranensis
694 1763 844 1820 munnam,
868 1762 920 1806 λετ
943 1764 1013 1806 omn
1036 1765 1198 1821 rnoasssm,
1222 1766 1297 1808 rann
1319 1767 1398 1810 urus

220 1868 373 1910 ssnnurun
395 1867 482 1910 saona
505 1845 602 1909 τετυ.8

480 2017 553 2084 VII.
587 2018 859 2096 TARQUINIUS
882 2020 1119 2088 SUPERBUS.

187 2183 190 2189 ·
304 2159 401 2225 Dion.
426 2158 567 2243 (εί,43)ιί
592 2157 641 2244 (Ὁ
658 2157 846 2247 Ταρκύνιος)
869 2165 942 2237 τοὺς
957 2200 999 2209 -
1015 2162 1130 2248 νόμους
1145 2164 1217 2238 τοὺς
1233 2161 1295 2225 ὑπὸ
1312 2161 1399 2228 Τυλ-

219 2265 288 2330 λίου
311 2263 497 2350 γραφέντας,
520 2261 598 2326 καθ’
621 2265 726 2338 οὓς-
749 2265 840 2329 οὐδὲν
863 2266 924 2329 ὑπὸ
948 2276 1010 2330 τῶν
1033 2266 1205 2349 πατρικίων
1229 2265 1272 2342 ὡς
1287 2269 1404 2352 προτε-

222 2393 276 2457 ρον
300 2370 492 2457 ἐβλάπτοντο
515 2371 586 2454 περί
608 2373 647 2433 τὰ
672 2370 858 2457 συμβόλαια,
893 2370 1011 2446 πάντας
1035 2371 1154 2435 ἀνεῖλε·
1177 2373 1232 2434 καί
1254 2372 1329 2436 οὐδὲ
1345 2376 1403 2449 τάς

219 2477 360 2560 σανίδας,
396 2477 428 2542 ἐν
452 2477 499 2550 αἰς
521 2477 602 2560 ἦσαν
625 2476 849 2561 γεγραμμένοι,
882 2475 1065 2559 κατέλιπεν,
1097 2476 1181 2545 ἀλλὰ
1204 2477 1259 2540 καί
1282 2477 1402 2553 ταύτας

218 2581 453 2666 καθαιρεθῆναι
475 2578 630 2654 κελεύσας
655 2581 694 2646 ἐκ
716 2589 772 2666 τῆς
796 2583 916 2666 ἀγοράς
940 2580 1126 2666 διέφθειρεν.

690 2799 847 2872 CAPUT
875 2799 923 2872 ΙΙ.

482 2955 647 3038 trufis
689 2956 760 3037 ΧΙΙ
799 2955 1138 3039 isaurorum.

695 3111 920 3172 fflfflmffln⁶

304 3248 412 3316 Livius
436 3246 531 3330 (3‚9):
562 3245 596 3311 (λ
621 3245 812 3318 Terentilius
836 3244 919 3309 Arsa
947 3245 1096 3309 tribunus
1123 3245 1224 3330 plebis
1247 3268 1284 3318 eo
1307 3271 1393 3313 anno

217 3356 262 3443 (α.
279 3375 303 3419 o.
319 3352 397 3437 292)
410 3353 483 3417 fuit.
528 3351 560 3418 Is
582 3389 626 3398 -
648 3351 786 3415 maxime
800 3351 835 3413 in
855 3349 1019 3414 consulare
1034 3350 1213 3433 imperium,
1236 3355 1393 3438 tanquam

289 3514 314 3583 1)
333 3513 421 3582 (leges
440 3527 502 3565 oum
522 3508 556 3563 de
575 3505 764 3563 contractibus
783 3507 845 3559 tum
863 3505 898 3560 de
916 3505 1025 3560 delictis
1045 3523 1094 3576 per
1112 3506 1204 3561 curias
1216 3507 1293 3573 tulit
1314 3511 1399 3565 orant

219 3601 315 3655 autem
341 3615 456 3653 numero
482 3596 540 3650 fere
564 3593 792 3664 quinquaginta.)
814 3625 846 3634 -
866 3594 894 3664 2)
911 3592 971 3662 (ille
990 3593 1100 3648 iudiciis
1120 3595 1239 3664 publicis
1259 3597 1401 3666 separatis

217 3707 235 3743 a
252 3687 374 3758 privatis
393 3687 452 3756 ipse
470 3684 583 3754 quidem
604 3683 639 3736 ds
658 3681 821 3736 criminibus
841 3682 877 3736 ad
891 3698 949 3736 rem
965 3681 1109 3751 publicam
1121 3683 1330 3752 pertinentibus
1343 3702 1402 3739 sus·

216 3775 292 3844 oepit
311 3770 514 3843 cognitionem,
534 3788 627 3825 rerum
647 3772 741 3824 autem
759 3770 939 3840 privatarum
957 3771 1084 3840 privatos
1104 3771 1209 3826 iudioes
1228 3789 1287 3826 esse
1305 3771 1398 3839 iussit,

216 3863 317 3933 quibus
336 3878 448 3916 normas
466 3862 496 3915 et
513 3858 625 3929 regulas
643 3858 721 3926 leges
739 3857 819 3912 dedit
838 3875 856 3912 a
874 3876 902 3913 se
913 3859 1104 3928 conscriptas.)
1123 3889 1159 3897 —
1177 3859 1205 3926 3)
1229 3858 1295 3913 Vide
1313 3876 1400 3928 supra

216 3951 279 4020 Leq.
300 3949 377 4004 Rom.
397 3951 437 4001 13.
457 3977 491 3986 -
508 3947 537 4016 4)
557 3945 736 4015 (Tarquinius
755 3946 830 4015 leges
849 3946 972 4002 aTullio
986 3947 1112 4017 scriptas,
1131 3964 1182 4016 per
1193 3965 1264 4016 quas
1279 3965 1345 4012 non,
1365 3950 1400 4002 ut

217 4038 316 4101 antea,
342 4036 374 4089 in
392 4033 585 4089 contractibus
604 4050 621 4087 a
640 4032 767 4102 patriciis
786 4033 971 4098 vexabantur,
991 4051 1086 4090 omnes
1104 4034 1228 4097 sustulit,
1248 4036 1277 4089 et
1296 4051 1332 4099 ne
1353 4036 1399 4088 ta-

216 4125 299 4178 bulas
318 4122 438 4192 quidem,
458 4122 488 4176 in
507 4121 607 4190 quibus
625 4129 707 4176 erant
726 4123 855 4192 scriptae,
875 4122 998 4191 reliquit,
1017 4122 1064 4175 sed
1084 4121 1135 4174 has
1154 4138 1263 4190 quoque
1282 4139 1316 4176 ex
1336 4122 1399 4178 foro

216 4210 384 4266 summoveri
408 4210 507 4264 iubens
526 4208 650 4280 delevit.)
689 4210 731 4279 Of.
749 4210 832 4266 Dion.
852 4213 907 4278 5,2:
928 4211 1054 4278 (Βροῦτος
1072 4214 1119 4261 καί
1137 4211 1313 4277 Κολλατῖνος)
1334 4212 1399 4273 τοὺς

216 4304 311 4367 νόμους
328 4301 390 4363 τοὺς
406 4303 466 4366 περὶ
483 4304 534 4350 τῶν
553 4300 722 4365 συμβολαίων,
741 4300 802 4361 τοὺς
813 4300 863 4350 ὑπὸ
876 4299 987 4350 Τυλλίου
999 4301 1157 4364 γραφέντας,
1172 4326 1205 4334 -
1220 4298 1265 4360 οὓς
1279 4300 1400 4361 ἅπαντας

214 4389 344 4444 κατέλυσε
368 4389 527 4454 Ταρκύνιος,
550 4387 736 4440 ἀνενεώσαντο.
755 4414 790 4423 -
815 4386 842 4453 5)
868 4384 971 4454 Loquere
990 4382 1059 4437 ΧΠ
1071 4383 1124 4440 tab.
1153 4383 1295 4438 historiam
1319 4400 1398 4439 accu-
