2954 5010
504 292 605 349 Edicta
623 297 798 365 praetorum.
1180 303 1243 370 189

151 473 180 539 1.
216 473 268 540 De
290 473 507 539 iurisdictione
528 473 743 554 muuiotputffl.
779 495 806 537 a.
831 471 865 538 Si
888 473 959 556 quis
981 473 1164 540 iudicanti
1179 500 1243 543 non
1265 476 1319 557 Ηςῗς

58 576 360 664 obtemperaverir,
385 576 509 664 (quuutu'
531 599 568 642 ou
589 598 640 643 rea
662 580 729 658 erit,
752 578 906 643 iudicium
928 578 1031 665 dabo).

149 685 179 751 b.
213 683 248 750 Si
271 685 343 770 quis
366 683 401 747 in
422 683 473 748 ius
493 687 624 748 uocatus
646 700 712 748 non
731 684 805 749 ierit
820 684 886 749 sivo
901 685 972 769 quis
987 706 1060 749 eum
1073 688 1244 768 vocaverit,

59 813 159 875 quem
183 813 221 855 ex
244 791 348 855 odioto
372 810 438 853 non
461 788 632 868 debuerit⁸,
657 838 769 855 .....
794 789 960 876 (tuutuuu
981 791 1085 875 dabo).

147 912 176 959 o.
210 892 278 976 (De
298 893 413 959 domno
436 892 575 978 iufeoto.)
599 944 605 958 .
625 943 656 956 ..
680 894 747 957 eius
763 893 808 958 rai
833 895 983 961 ...dum
998 896 1037 976 ei,
1061 896 1117 980 qui
1132 898 1244 977 aberit,

58 1000 153 1084 prius
176 1000 308 1064 domum
332 998 515 1063 denuntiari
537 998 665 1063 iubeam
689 1048 773 1064 ....
795 999 833 1064 In
856 1023 929 1065 eum
953 998 1008 1086 qui
1032 1004 1109 1086 quid
1125 1024 1244 1083 eorum,

61 1122 147 1189 quae
170 1120 268 1190 supra
291 1102 411 1187 scripta
434 1106 519 1180 sunt,
543 1124 608 1167 non
631 1103 800 1184 curaverit,
820 1106 935 1188 quanti
958 1129 995 1171 ea
1009 1129 1059 1171 res
1075 1112 1132 1186 est,
1156 1109 1244 1172 cuius

60 1211 174 1275 damni
198 1208 309 1273 infecti
331 1207 462 1293 nomino
486 1212 615 1273 cautum
637 1228 703 1274 non
726 1209 797 1290 erit,
820 1210 973 1277 iudicium
997 1211 1131 1298 (dubo)⁴.

163 1315 192 1378 d.
228 1314 276 1379 De
298 1313 475 1399 fugitivis⁶.

152 1419 193 1503 (e.
229 1418 281 1485 De
299 1419 482 1484 uodiuouio
506 1417 643 1484 Roman
658 1418 850 1507 sariendot)

153 1524 198 1608 (2.
235 1522 287 1588 De
308 1523 378 1590 albo
402 1522 591 1607 corrupto⁷.)
1314 1598 1320 1608 ,

169 1630 200 1694 3.
238 1627 301 1705 Qui
317 1628 543 1713 magistratum
558 1633 790 1712 potestatemve
812 1630 954 1712 habebit,
978 1633 1005 1696 si
1028 1635 1105 1718 quid
1127 1637 1160 1699 in
1184 1636 1245 1701 ali-

64 1754 163 1819 quem
185 1734 261 1799 novi
283 1733 362 1799 turis
381 1735 536 1799 statuerit
556 1735 620 1800 sive
642 1734 713 1820 quis
735 1736 820 1820 apud
844 1750 925 1817 earn,
949 1736 1004 1822 qui
1019 1741 1245 1825 magistratum

61 1843 298 1925 potestatemve
319 1837 462 1920 habebit,
496 1840 619 1924 aliquid
640 1840 716 1906 novi
738 1836 817 1906 iuris
840 1842 1025 1923 obtinuerit,
1057 1847 1246 1933 quandoque

61 1948 179 2031 postea
200 1945 381 2010 adversario
403 1945 470 2010 eiua
492 1947 676 2030 postulante
698 1945 803 2030 ipsura
825 1948 1026 2014 sodomiae
1047 1951 1097 2015 nti
1119 1957 1246 2039 oporto·

61 2049 142 2131 bit⁸,
172 2052 395 2135 praeterquam
426 2051 454 2115 si
486 2050 558 2134 quis
578 2066 691 2115 eorum
718 2052 796 2133 quid
817 2057 929 2118 eontra
951 2069 1023 2120 eum
1046 2057 1166 2140 feeerit,
1190 2061 1245 2144 qui

61 2158 133 2242 ipae
153 2168 267 2220 norum
285 2155 366 2240 quid
387 2155 541 2222 fecisset&

152 2259 211 2326 De
234 2260 402 2326 edendo.
437 2309 597 2327 .......
607 2258 645 2324 ¹⁰.
680 2259 894 2346 Argentariae
916 2284 1043 2330 mensae
1058 2265 1246 2333 exercitores
1269 2268 1321 2347 Η

63 2367 100 2448 ei,
124 2367 183 2450 qui
205 2367 359 2433 iuraverit
380 2388 444 2431 uou
467 2367 643 2431 ealuuaa‘ae
663 2386 760 2430 oouaa
769 2368 934 2447 postutare
948 2369 998 2432 eda'
1012 2370 1073 2434 sita'
1088 2370 1245 2436 rationem

66 2492 150 2556 quae
172 2471 215 2536 ad
236 2492 270 2536 se
292 2471 463 2554 pertineat,
487 2470 581 2534 edant
604 2469 727 2534 adiecto
750 2470 800 2534 die
822 2474 855 2534 et
869 2471 1032 2537 oonsule¹¹
1048 2522 1156 2541 .....
1180 2474 1245 2539 Ar·

63 2577 214 2664 gontario
247 2576 325 2658 aive,
359 2578 415 2662 qui
446 2577 564 2641 iterum
597 2575 648 2640 edi
680 2576 867 2659 postulabit,
902 2598 997 2642 causa
1030 2580 1160 2664 cognita
1193 2581 1244 2645 edi

63 2679 229 2747 iubebo¹².

1266 1424 1291 1458 U·
1315 1446 1320 1466 ι

1266 1469 1288 1502 Ρ.
1313 1492 1318 1503 .

1267 1532 1291 1566 U.

1266 1577 1288 1610 P.

65 2897 131 2948 ‘tom
153 2892 270 2962 simulata
294 2901 376 2962 quam
400 2891 540 2962 paunus,
567 2894 617 2961 qur'
637 2893 667 2946 u'a
685 2893 755 2947 baua
771 2894 829 2948 eiua
846 2901 1039 2950 couauroreut.
1077 2895 1136 2966 Quo
1153 2897 1246 2952 uotae

68 2982 107 3036 ‘ia
123 2981 298 3051 mouendae
324 2980 416 3036 edictas
442 2986 547 3034 sanato
573 2981 695 3049 effectura
712 2986 763 3050 eat,
790 2987 821 3035 ut
837 2987 891 3036 area
903 2982 1069 3051 priuapates
1082 2985 1190 3052 poeaiut
1207 2985 1246 3038 ou·-

64 3069 180 3139 ‘ota'aque'
192 3074 294 3138 partas,
313 3069 409 3138 quibua
426 3074 525 3138 quarta
543 3069 644 3124 aceedit
661 3085 731 3123 uoao
749 3069 943 3125 eunomianis
955 3073 1111 3140 praetoriae
1121 3074 1247 3128 nauata

67 3157 231 3212 ‘mutuara-
257 3157 414 3224 o'uterda'ota,
439 3158 616 3226 eaoeptu'ouea,
641 3158 828 3225 stipulationes
841 3160 1003 3226 praetorias.
1040 3159 1191 3229 Drffiertr'ar
1209 3169 1247 3217 eat

68 3245 215 3314 ‘eaptuatu
241 3244 313 3300 ratio
341 3245 444 3300 ordinis
469 3245 610 3299 titulorum
633 3245 764 3299 seouudae
776 3249 880 3314 paura,
908 3263 963 3315 qua
985 3246 1018 3300 de
1034 3263 1064 3300 re
1079 3248 1170 3302 adeor
1188 3250 1245 3303 Ru·

68 3332 174 3403 ‘dorffii
196 3334 441 3388 commentationem
463 3335 493 3388 ta
510 3330 598 3387 ΖΒΘ.
616 3336 689 3402 3,53,
715 3335 776 3388 ticet
793 3346 923 3388 summu
947 3351 1028 3403 quom
1044 3328 1091 3390 otte
1103 3339 1247 3406 proposuit

68 3421 235 3478 ‘aarum
251 3423 281 3477 tu
300 3422 385 3476 adiuta
403 3421 436 3475 do
452 3424 512 3476 ture
529 3427 555 3476 et
571 3423 604 3476 de
617 3424 782 3491 possesione
799 3422 918 3491 equum
934 3437 990 3476 uou
1004 3425 1245 3491 comprobatam)

67 3509 168 3564 Banna.
206 3510 242 3564 Ia
264 3509 307 3564 ta'a
329 3510 451 3565 omuibus
475 3510 622 3566 dootaaaiue'
643 3512 698 3565 oiri
722 3512 868 3565 sermatiae
884 3511 1004 3566 euentu
1020 3512 1164 3568 absquo.
1201 3512 1246 3567 Se·

67 3597 173 3652 aradae
190 3604 280 3652 autem
297 3598 378 3652 edicti
389 3600 481 3666 partia
499 3599 641 3653 titulorum
659 3599 778 3653 ordr'ueru
796 3616 855 3653 earu
873 3615 927 3653 esse
937 3599 1064 3668 arbitror,
1081 3605 1113 3654 ut
1127 3601 1248 3669 primaru

68 3686 157 3739 torum
175 3691 282 3739 teneaat
300 3702 368 3755 quoe
386 3703 400 3740 e
419 3702 493 3740 uera
510 3685 696 3740 iurisdietioue
711 3686 827 3756 peudeut
844 3687 970 3754 aotiouea,
989 3687 1083 3741 Made
1099 3695 1247 3757 aequautru

68 3789 100 3827 eo
117 3773 189 3828 turta
205 3773 312 3828 auuu'la'a
329 3790 397 3842 quae
415 3775 586 3827 contiueatur
603 3775 724 3843 imperio,
747 3775 782 3843 of.
801 3774 837 3830 E.
857 3775 889 3828 P.
903 3791 934 3843 p.
959 3774 1090 3844 V111,16.
1127 3775 1187 3845 Quo
1203 3793 1248 3830 ro·

69 3862 141 3915 tinae
159 3865 245 3916 totum
262 3861 377 3916 edietum
394 3863 424 3915 iu
443 3863 559 3931 quiaque
575 3867 667 3930 portes
684 3861 772 3916 diua.
789 3891 825 3901 —
842 3864 869 3931 3)
888 3862 974 3918 Rubr.
993 3860 1031 3916 D.
1049 3866 1101 3930 2,1.

158 3950 184 4016 1)
205 3948 246 4016 Of.
266 3949 358 4017 Leuat,
378 3949 464 4004 ZRG.
483 3953 523 4018 15,
538 3953 678 4019 p16aqq.
697 3980 732 3990 -
750 3951 777 4014 2)
797 3949 869 4004 Suut
885 3951 967 4005 eaba
983 3951 1043 4007 rub.
1062 3951 1099 4008 D.
1112 3955 1173 4020 2,3,·
1186 3967 1247 4020 per·

68 4050 147 4105 saepe
165 4037 235 4089 euim
253 4035 399 4092 edictorum
416 4038 496 4092 naba
513 4039 632 4093 arietatio
650 4039 812 4109 depasturum
830 4039 917 4094 titulae
933 4044 965 4095 ut
978 4040 1102 4094 rubricae
1118 4041 1249 4108 inempta

69 4140 122 4180 ease
139 4124 272 4179 uantur.
301 4157 334 4165 -
362 4129 388 4191 3)
407 4126 492 4181 Rubr.
512 4126 550 4181 D.
567 4129 619 4193 2,5.
650 4158 684 4167 -
708 4129 734 4193 4)
753 4127 791 4184 D.
810 4130 983 4197 39,2,4,1.5.7.
1003 4159 1037 4167 -
1056 4130 1084 4195 5)
1101 4126 1139 4180 D.
1157 4130 1248 4194 11‚4,1,

68 4215 146 4268 a-a.
168 4241 201 4251 -
220 4213 248 4280 6)
267 4211 306 4266 1).
328 4216 427 4282 aare·
447 4217 552 4284 aaran
565 4232 610 4284 pr.
629 4246 664 4256 —
683 4216 710 4285 a)
729 4214 767 4269 1).
785 4218 858 4284 aar
871 4231 916 4285 pr.
937 4247 967 4255 -
988 4217 1015 4286 a)
1035 4215 1072 4268 D.
1085 4217 1189 4282 aoros
1202 4230 1247 4284 pr.

68 4331 102 4342 -
120 4301 149 4370 o)
169 4296 209 4353 D.
227 4303 338 4369 a‚2,1,1,·
349 4305 375 4358 4.
401 4302 436 4359 Ε.
451 4303 483 4357 Ρ.
498 4320 528 4372 a.
540 4306 583 4358 47.
601 4334 636 4344 -
657 4303 700 4374 ro)
719 4303 756 4359 E.
774 4302 805 4358 P.
822 4321 851 4373 p.
869 4307 912 4358 48.
934 4335 964 4342 -
986 4304 1028 4373 11)
1047 4303 1085 4357 1).
1102 4305 1189 4372 arar
1202 4317 1247 4372 pr.

68 4391 113 4448 iu.
132 4391 195 4460 6,2;
212 4391 265 4458 9,3.
284 4418 319 4429 —
339 4390 383 4460 12)
397 4389 436 4445 D.
453 4394 575 4460 2,13,6‚8.
