2954 5010
606 300 726 361 Sanetus
744 303 881 361 consulta
1264 309 1326 377 181

141 485 218 567 viri,
242 484 475 571 exposuislsent
496 483 571 550 huic
593 484 708 565 ordini,
731 488 856 569 patrem
878 485 946 551 eius
969 484 1178 553 Alliatorium
1199 485 1325 553 Celsum

143 592 260 658 emisse
291 590 408 657 fundos
440 613 512 656 cum
541 589 681 656 aedificis
712 591 746 654 in
765 588 771 677 Ι
791 591 921 676 regione
951 590 1121 658 Mutinensi
1136 590 1157 673 ¹,
1192 594 1248 678 qui
1269 602 1379 658 vo-35.

145 700 298 764 canentur
327 697 433 780 campi
462 695 580 777 Macri,
612 697 785 782 inquibus
816 697 893 765 locis
923 703 1080 766 mercatus
1103 700 1153 783 aqi
1175 701 1327 784 supelrio-
1404 752 1410 767 .

145 804 238 868 ribus
261 801 375 868 solitus
403 806 485 867 esset
508 801 722 887 temporibus,
754 802 818 868 iam
841 826 898 888 per
921 803 1049 889 aliquod
1073 825 1173 869 annos
1196 805 1327 870 desisset

144 908 270 989 haberi,
293 929 394 992 eaque
414 903 419 994 Ι
439 907 582 974 aedificia
605 909 702 994 longa
724 912 884 975 vetustate
910 911 1126 976 dilaberentur
1153 933 1256 997 neque
1276 933 1326 976 re·

144 1016 232 1081 fecta
254 1013 327 1080 usui
350 1018 454 1079 essent
477 1013 598 1094 futura,
622 1015 697 1100 quia
723 1036 825 1099 neque
845 1014 850 1100 Ι
869 1016 1031 1081 habitaret
1053 1016 1086 1079 in
1102 1015 1141 1080 iis
1157 1015 1327 1101 quisquam

145 1141 205 1186 nec
226 1119 324 1184 vellet
346 1118 381 1183 in
403 1118 527 1184 deserta
550 1117 603 1185 oo2
627 1121 753 1185 ruentia
776 1121 1000 1206 commigrare:
1032 1142 1072 1185 ne
1099 1121 1175 1206 quid
1196 1117 1201 1207 Ι
1221 1121 1327 1186 fraudi

146 1227 271 1292 multae
292 1225 502 1310 poenaeq(ue)
526 1230 608 1291 esset
631 1225 821 1310 Celsilsslae,
848 1227 881 1291 'si
905 1249 942 1292 ea
964 1226 1116 1306 aedificia,
1148 1226 1327 1311 dequibus

146 1334 181 1397 in
205 1331 268 1396 hoc
291 1330 403 1395 ordine
425 1334 532 1395 actum
551 1331 557 1416 Ι
577 1335 669 1412 esset,
694 1335 751 1396 aut
773 1333 924 1397 demolita
945 1332 1090 1412 trissant,
1113 1336 1170 1397 aut
1192 1354 1230 1397 ea
1251 1336 1378 1396 con-40.

147 1434 290 1503 dicione³
319 1435 386 1501 sive
415 1457 473 1520 per
502 1458 535 1501 se
572 1437 640 1501 sive
661 1458 734 1501 cum
756 1436 844 1521 agris
876 1432 1096 1517 vendildisset,
1131 1440 1168 1502 ut
1191 1437 1327 1521 emptori

144 1542 215 1609 sine
249 1539 361 1606 fraude
391 1562 449 1605 sua
480 1564 517 1607 ea
544 1542 707 1608 destruere
736 1541 911 1628 tollereque
933 1544 1060 1621 liceret3
1093 1541 1097 1622 Ι
1125 1542 1160 1607 in
1182 1542 1326 1608 futurum

145 1651 256 1714 autem
279 1645 494 1712 admonendos
517 1652 638 1713 ceteros
660 1670 737 1725 esse,
769 1651 807 1713 ut
829 1649 1026 1732 apstinerent
1048 1669 1082 1713 se
1103 1671 1123 1713 a
1144 1651 1212 1712 tam
1234 1647 1326 1712 foedo

145 1773 264 1838 genere
286 1749 553 1839 negotiation[rs],
576 1752 637 1817 hoc
652 1752 821 1836 praecipue
836 1753 972 1833 saeculo,
997 1775 1060 1838 quo
1076 1752 1209 1819 excitari
1224 1773 1307 1817 nova
1320 1749 1323 1789 Ι

145 1863 179 1925 et
201 1857 327 1924 ornari⁴
351 1857 508 1937 universa,
533 1859 648 1943 quibus
666 1858 803 1923 felicitas
830 1858 916 1923 orbis
945 1862 1113 1939 terragrum
1135 1858 1324 1942 splenderet,

147 1964 254 2050 magis
277 1963 477 2042 conveniret,
511 1986 608 2048 quam
636 1964 738 2028 ruinis
763 1964 978 2029 aedificiorum
1002 1965 1101 2029 ullam
1124 1968 1249 2049 partem
1271 1963 1325 2027 de·

145 2067 334 2153 form[ore⁶]
354 2067 360 2153 Ι
378 2067 492 2134 Italiae
515 2073 547 2133 et
570 2069 674 2134 adhuc
695 2069 834 2134 retinere
856 2071 999 2152 priorum
1021 2073 1203 2153 temporum
1227 2070 1326 2154 [tocu-
1335 2081 1380 2134 45.

145 2177 231 2240 riom
253 2195 335 2256 quoe
356 2174 505 2240 colomeo
527 2175 678 2258 affectaret
697 2173 701 2259 Ι
721 2176 769 2239 ita
790 2179 828 2239 ut
850 2176 1009 2241 diceretur
1028 2179 1190 2241 senectute
1213 2196 1250 2240 ac
1272 2177 1325 2240 tu-

146 2277 246 2368 mpo
267 2280 335 2345 iam
355 2301 421 2346 rem
443 2278 624 2345 Romanum
645 2281 790 2363 pterea.

234 2384 400 2451 Gensuere.
445 2383 484 2450 In
506 2387 619 2450 senatu
642 2382 800 2473 Ument]
826 2439 833 2452 .
858 2438 865 2453 .
892 2435 899 2451 .
925 2435 933 2450 .

416 2579 466 2645 18.
501 2576 566 2645 SC.
590 2578 917 2645 Trebellianum
951 2601 979 2644 a.
1003 2576 1072 2642 56⁷.

228 2720 399 2797 (Ulpianus
420 2719 438 2777 t.
460 2717 522 2776 ΙΙΙ
535 2717 846 2790 fideicommissorum:
865 2715 988 2774 Factum
1009 2717 1055 2775 est
1071 2715 1121 2776 SC.
1143 2717 1327 2790 temporibus

146 2817 284 2887 Neronis,
312 2813 396 2873 VIll.
418 2813 477 2874 kal.
500 2811 590 2887 Sept,
616 2811 739 2872 Annaeo
760 2812 869 2871 Seneca
889 2814 920 2871 et
940 2812 1087 2872 Trebellio
1108 2813 1238 2872 Maximo
1259 2833 1326 2886 cos,

147 2916 236 2977 cuius
258 2913 348 2973 verba
369 2912 439 2971 haec
459 2911 557 2984 suntr)

238 3019 320 3085 Cum
343 3021 425 3083 esset
445 3015 672 3101 aequissimum
694 3015 728 3078 in
744 3015 891 3081 omnibus
914 3015 1213 3082 fideicommissariis
1235 3017 1328 3082 here·

146 3124 304 3194 ditatibus
337 3123 364 3189 si
393 3145 457 3207 que
488 3123 527 3189 de
558 3121 610 3186 his
640 3121 733 3186 bonis
756 3121 873 3186 iudicia
895 3124 1086 3206 penderent,
1122 3145 1161 3187 ex
1183 3121 1251 3186 his⁸
1275 3145 1327 3188 eos

147 3230 267 3309 subire,
300 3228 335 3295 in
358 3249 437 3312 quos
460 3227 510 3292 ius
532 3226 719 3311 fructusque
741 3226 979 3308 transferretur,
1009 3228 1117 3311 potius
1140 3249 1236 3311 quam
1259 3228 1326 3291 cui·

150 3356 212 3419 que
234 3332 463 3418 periculosem⁹
486 3354 553 3398 esse
574 3331 670 3399 fidem
692 3355 799 3397 suam:
824 3333 939 3416 placet,
961 3337 999 3398 ut
1016 3334 1165 3412 actiones,
1189 3355 1271 3416 quae
1293 3333 1327 3397 in

149 3438 299 3505 heredem
322 3437 555 3521 heredibusque
576 3436 646 3501 dari
668 3435 788 3516 solent,
821 3458 873 3501 eas
895 3459 998 3520 neque
1019 3439 1053 3502 in
1077 3459 1128 3502 eos
1151 3458 1254 3521 neque
1275 3437 1327 3502 his

150 3543 230 3624 dari,
255 3542 312 3628 qui
333 3541 407 3609 fidei
429 3563 505 3609 suae
526 3541 728 3606 commissum
753 3540 808 3620 sic,
831 3542 880 3605 uti
903 3543 1009 3627 rogati
1032 3546 1145 3621 essent,
1168 3543 1327 3607 restituis-

149 3653 239 3730 sent,
272 3648 326 3714 sed
349 3647 400 3715 his
423 3650 455 3713 et
478 3647 512 3711 in
535 3668 606 3726 eos,
639 3647 755 3730 quibus
778 3669 816 3711 ex
839 3651 1029 3713 testamento
1051 3647 1327 3712 fideicommissum

150 3754 337 3821 restitutum
359 3752 491 3818 fuisset:
515 3775 578 3838 quo
601 3754 705 3838 magis
730 3753 764 3816 in
787 3753 945 3838 reliquum
967 3754 1195 3819 confirmentur
1218 3774 1327 3837 supre-

149 3881 219 3925 mae
241 3857 464 3925 defunctorum
487 3859 677 3926 voluntates.

240 4033 267 4102 1)
286 4029 456 4086 Melinienoi.
481 4061 517 4071 —
535 4032 564 4100 2)
582 4031 716 4086 desertae.
735 4061 771 4071 -—
788 4033 817 4096 3)
838 4030 1006 4087 conditione.
1026 4061 1058 4070 —
1078 4032 1106 4100 4)
1125 4029 1219 4086 ornari
1237 4029 1275 4083 in.
1297 4062 1326 4068 —-

152 4121 177 4184 5)
195 4119 359 4176 deformem.
389 4151 420 4160 —
442 4120 467 4184 6)
487 4118 581 4191 Soppt.
602 4120 659 4173 Mo.
687 4150 722 4159 —
750 4121 777 4190 7)
796 4118 834 4173 D.
852 4123 999 4188 36,1,1,1.2.
1037 4119 1163 4173 Consules
1180 4118 1228 4186 qut
1244 4117 1328 4171 aomt

150 4212 253 4263 ocatur
270 4207 378 4278 suffodi
394 4212 459 4262 emt
476 4208 545 4260 caat
560 4212 592 4260 ct
607 4207 713 4273 uidetur
730 4209 771 4260 56.
799 4237 831 4245 —
862 4206 889 4277 8)
909 4206 966 4260 Μο.
986 4208 1053 4261 coni.
1073 4223 1119 4261 eas
1138 4205 1210 4258 lites.
1238 4234 1272 4243 -
1301 4204 1329 4272 9)

151 4295 337 4365 periculosum
357 4294 413 4351 cod.
