2940 4996
631 311 737 368 Festus.
1206 319 1270 383 355

115 495 147 558 'o
158 497 174 558 t
185 493 197 557 i
207 496 273 557 tus
296 491 470 576 servitu[te]
488 527 528 540 -·
545 489 611 575 qui,
633 494 670 554 ut
685 491 732 555 ait
746 489 861 568 Labeo,
885 489 1080 572 servitu[tcro
1094 494 1197 558 seruit.
1214 495 1269 579 -]

115 597 235 664 11250.

115 703 408 769 'raefeoturae
430 724 484 768 eae
507 701 753 786 appellabantur
774 699 810 764 iu
831 699 938 781 Italia,
971 701 1005 764 in
1029 701 1145 785 quibus
1168 705 1200 768 et
1222 703 1272 768 ius

115 809 258 873 icebatur
288 811 321 873 et
347 808 508 873 nundinae
539 807 735 893 agebantur3
768 809 801 871 et
823 810 892 871 erat
914 807 1068 890 quaedam
1092 829 1201 872 earum
1222 831 1273 873 res

115 914 231 995 ublica,
254 935 358 998 neque
379 920 487 979 tamen
509 914 719 998 magistratus
734 933 809 977 suos
823 911 999 990 habebant3
1023 912 1058 976 iu
1073 913 1168 996 quas¹
1191 912 1272 998 legi-

115 1041 153 1084 us
177 1018 332 1103 praefecti
354 1018 567 1082 mittebantur
582 1017 770 1100 quodannis,
795 1015 850 1100 qui
865 1016 915 1080 ius
931 1015 1079 1082 dicerent.
1114 1016 1271 1093 Quarum²

115 1145 214 1188 ‘onera
243 1122 374 1187 fuerunt
405 1123 484 1187 duo:
515 1121 666 1200 alterum,
699 1122 734 1184 in
763 1142 842 1204 quas
869 1121 1016 1185 solebant
1047 1122 1094 1186 ire
1118 1123 1271 1205 praefecti

115 1232 256 1308 nattuor,
275 1225 375 1312 [qui³]
393 1227 509 1313 viginti
524 1249 579 1291 sex
591 1226 694 1290 virum
710 1226 859 1291 numero*
875 1228 985 1311 populi
1000 1227 1154 1313 suffragio
1171 1228 1271 1293 creati

115 1337 198 1414 rant,
220 1335 255 1398 in
277 1333 355 1398 hoec
378 1334 511 1418 oppida:
536 1332 687 1417 Capuam,
711 1331 837 1413 Cumas,
861 1331 1046 1413 Casilinum,
1064 1331 1269 1414 Volturnum,

115 1441 276 1519 iternum,
309 1437 469 1519 Puteolos,
502 1439 647 1519 Acerras,
679 1437 871 1518 Suessulam,
905 1438 1056 1519 Atellam,
1080 1438 1272 1517 Galatiam⁶;

115 1543 250 1623 lterum,
282 1543 316 1607 in
347 1566 426 1628 quas
458 1544 567 1623 ibant,
603 1565 682 1628 quos
714 1547 843 1627 praetor
875 1543 1016 1608 urbanus
1039 1545 1216 1628 quodannis
1238 1545 1273 1608 in

115 1669 242 1732 uaeque
265 1646 334 1712 loca
356 1649 487 1713 miserat
509 1640 649 1734 legibus,
677 1653 714 1713 ut
737 1647 875 1729 Fundos,
898 1647 1053 1730 Formias,
1077 1648 1183 1730 Caere,
1208 1649 1272 1715 Ve-

116 1752 252 1834 afrnm‘,
284 1752 429 1834 Allifas⁷,
461 1753 666 1835 Privernum,
698 1752 893 1839 Anagniam,
917 1753 1137 1835 Frusinonem,
1163 1753 1273 1836 Reate,

115 1858 292 1939 laturniam,
315 1857 479 1939 Nursiam,
504 1859 664 1943 Arpinum
685 1859 810 1943 aliaque
832 1859 995 1944 conplura.
1040 1859 1079 1924 F.
1103 1866 1179 1926 233.

115 1964 218 2029 ’raei
230 1965 407 2028 uration
417 1987 458 2029 es
472 1964 576 2029 facere
591 1963 757 2029 dicuntur⁸
773 1964 818 2045 hi,
842 1965 897 2049 qui
914 1970 988 2030 ante
1004 1966 1083 2030 alios
1099 1967 1275 2050 conceptis⁹

115 2069 202 2134 ‘erbis
234 2069 358 2144 iurant;
393 2073 467 2152 post
498 2091 577 2153 quos
611 2070 645 2133 in
668 2070 777 2134 eadem
809 2069 906 2134 verba
924 2070 1102 2136 iurantes¹⁰
1132 2074 1276 2136 tantum-

115 2175 191 2240 nodo
215 2175 345 2240 dicunt:
369 2175 462 2239 ‘idem
485 2174 519 2239 in
541 2176 612 2240 me.‘
659 2176 696 2240 P.
720 2179 798 2240 224.

115 2279 444 2365 'raerogativae
477 2279 672 2345 centuriae¹¹
703 2281 873 2358 dicuntur,
906 2284 943 2344 ut
973 2281 1064 2345 docet
1094 2281 1199 2347 Varro
1223 2321 1274 2363 --,

115 2383 195 2468 ,uo12
228 2385 362 2470 ruebam]
394 2385 549 2466 Romani,
582 2387 637 2469 qui
665 2387 852 2472 ignorarent
874 2387 1042 2469 petitores,
1074 2384 1201 2451 facilius
1223 2409 1277 2452 eos

115 2491 353 2556 nimadvertere
377 2495 524 2574 possent;
548 2489 680 2555 Verrius
704 2490 902 2575 probabilius
917 2491 1036 2555 iudicat
1052 2514 1128 2572 esse,
1152 2498 1189 2556 ut
1205 2515 1276 2557 cum

115 2602 204 2664 ssent
229 2597 388 2682 designati
420 2620 439 2661 a
460 2596 703 2681 praerogativis,
736 2596 771 2660 in
798 2618 975 2661 sermonem
999 2618 1049 2661 res
1072 2596 1194 2663 veniret
1217 2620 1275 2682 po·

115 2807 206 2892 cagia
228 2807 267 2872 de
289 2806 340 2871 his
363 2807 502 2872 ferenda.
546 2805 585 2870 F.
609 2810 685 2871 249.

115 2918 143 2978 *r
153 2935 226 2978 aes
249 2916 297 2977 est
312 2910 384 2992 is¹³,
407 2912 463 2996 qui
479 2911 596 2996 populo
611 2934 645 2976 se
659 2911 784 2998 obligat
799 2911 1114 2999 interrogaturque¹⁴
1138 2936 1157 2978 a
1172 2914 1276 2999 magi·

115 3022 216 3098 trata,
233 3017 261 3082 si
273 3040 364 3101 praes
376 3018 434 3096 sit;
450 3017 505 3081 ille
516 3016 733 3101 respondet¹⁶z
749 3039 850 3100 praes.
875 3018 913 3082 P.
925 3023 1005 3083 223.
1023 3016 1089 3102 (Of.
1103 3018 1277 3104 Manceps.)

115 3124 347 3189 'raeteriti
370 3127 532 3187 senatores
555 3123 716 3206 quondam
738 3122 771 3186 in
784 3123 956 3207 opprobrio
977 3145 1042 3188 non
1058 3127 1159 3204 erant,
1184 3125 1278 3208 quod,

116 3235 133 3294 t
160 3249 256 3313 reges
279 3228 342 3293 sibi
365 3228 516 3313 legebant
538 3228 821 3314 sublegebantque,
846 3250 924 3312 quos
947 3228 981 3292 in
996 3228 1129 3293 consilio
1151 3228 1278 3313 publico

117 3335 269 3413 aberent,
293 3333 339 3397 ita
361 3337 435 3417 post
458 3337 584 3397 exactos
607 3355 659 3398 eos
683 3334 826 3398 consules
850 3355 976 3417 quoque
991 3337 1023 3398 et
1038 3333 1193 3398 tribuni²⁶
1217 3335 1278 3398 mi-

115 3445 198 3505 tum
222 3439 382 3504 consulari
404 3443 562 3524 potestate
592 3439 865 3504 coniunctissimos
893 3439 955 3504 sibi
977 3437 1155 3522 quosque¹⁷
1176 3439 1279 3523 patri·

115 3546 225 3610 iorum
248 3547 280 3608 et
304 3544 416 3609 deinde
439 3546 636 3629 plebeiorum
660 3546 820 3631 legebant,
851 3546 949 3610 donec
972 3541 1087 3609 Ovinia
1109 3543 1281 3608 tribunicia

172 3789 199 3858 1)
218 3786 249 3841 in
261 3803 318 3856 qua
330 3785 373 3840 his
391 3788 448 3842 cod.
468 3817 501 3827 —
520 3788 546 3852 2)
564 3788 610 3856 sic,
629 3802 820 3856 nocquorum,
840 3787 896 3842 cod.
915 3818 951 3827 -
968 3787 995 3856 3)
1013 3786 1073 3857 [qui
1086 3802 1135 3842 om.
1148 3787 1214 3853 cod,
1232 3786 1280 3840 ad·

115 3878 157 3932 uta·
176 3891 233 3946 epo.
252 3873 302 3927 Tu.
314 3874 362 3942 Μ.)
380 3907 414 3915 -
432 3876 459 3944 4)
479 3893 547 3929 num
559 3893 610 3944 pro
627 3875 683 3929 cod
701 3905 735 3914 —
755 3874 781 3944 5)
801 3874 937 3930 calatium
956 3876 1012 3930 cod.
1032 3905 1065 3915 -—
1084 3878 1110 3945 6)
1128 3890 1280 3929 uenaerum

115 3967 156 4020 od.
176 3995 212 4004 —
232 3964 259 4034 7)
279 3963 377 4017 allieas
391 3965 447 4020 cod.
466 3994 502 4003 -
519 3965 546 4032 8)
564 3962 714 4017 dieuntM.
735 3995 766 4004 -
787 3964 814 4032 9)
832 3965 980 4033 conceptus
994 3963 1035 4016 M.
1055 3992 1085 4004 -
1106 3963 1147 4028 10)
1159 3960 1279 4015 iurantis

115 4053 172 4121 tm,
190 4052 318 4106 iurantes
334 4051 363 4107 T.
383 4081 416 4091 —
437 4054 480 4116 11)
499 4051 653 4106 centuriaes
667 4051 722 4106 cod.
742 4080 776 4092 a·
797 4053 838 4120 12)
853 4068 973 4121 quaerus
986 4091 993 4105 .
1004 4091 1011 4104 .
1024 4091 1031 4105 .
1042 4091 1049 4106 .
1062 4069 1093 4106 ro
1105 4051 1160 4105 cod.
1179 4049 1281 4119 [Moysis

115 4140 259 4195 redidcrim
286 4139 416 4208 quaedem
433 4140 573 4208 medebor,
599 4145 668 4209 poto
686 4140 768 4193 talio:
794 4156 868 4208 quae
887 4141 953 4194 ente
971 4139 1093 4208 reliquas
1115 4136 1281 4204 suffragium

115 4228 234 4283 erebant
252 4227 379 4296 equitum
397 4227 595 4291 Romanorum,
615 4229 648 4280 ut
666 4227 770 4281 rustici.
799 4229 848 4281 Tu.
867 4227 916 4297 M.]
946 4258 979 4266 -
1009 4227 1052 4295 13)
1070 4225 1113 4279 his
1132 4224 1165 4280 G.
1186 4255 1217 4263 -
1238 4224 1281 4287 14)

115 4316 142 4369 ic
160 4316 232 4382 tetri,
250 4314 498 4385 interrogatusque
516 4317 573 4370 edd.
597 4346 628 4355 -
652 4315 695 4385 15)
714 4314 858 4383 respondit
877 4314 944 4382 GM,
965 4314 1114 4384 respondet
1135 4313 1164 4367 T.
1183 4342 1217 4352 —
1237 4311 1281 4380 16)

117 4403 234 4459 ribunos
252 4402 326 4473 eod.,·
343 4403 441 4458 emend.
460 4403 530 4474 Λα).
550 4433 584 4443 -
604 4405 647 4471 17)
666 4419 775 4472 quoque
794 4403 868 4470 root,
888 4403 985 4456 emend.
1010 4401 1067 4456 Urs.

1019 4491 1074 4546 23*
