<?xml version="1.0" encoding="UTF-8"?>
<!DOCTYPE html PUBLIC "-//W3C//DTD XHTML 1.0 Transitional//EN"
    "http://www.w3.org/TR/xhtml1/DTD/xhtml1-transitional.dtd">
<html xmlns="http://www.w3.org/1999/xhtml" xml:lang="en" lang="en">
 <head>
  <title>
</title>
<meta http-equiv="Content-Type" content="text/html;charset=utf-8" />
  <meta name='ocr-system' content='tesseract 3.04.00' />
  <meta name='ocr-capabilities' content='ocr_page ocr_carea ocr_par ocr_line ocrx_word'/>
</head>
<body>
  <div class='ocr_page' id='page_1' title='image "./fontesiurisroma00brungoog_0384.png"; bbox 0 0 2940 4996; ppageno 0'>
   <div class='ocr_carea' id='block_1_1' title="bbox 140 295 780 364">
    <p class='ocr_par' dir='ltr' id='par_1_1' title="bbox 140 295 780 364">
     <span class='ocr_line' id='line_1_1' title="bbox 140 295 780 364; baseline -0.02 0"><span class='ocrx_word' id='word_1_1' title='bbox 140 298 204 364; x_wconf 83' lang='grc'>362</span> <span class='ocrx_word' id='word_1_2' title='bbox 673 295 780 351; x_wconf 77' lang='lat' dir='ltr'>Festus.</span> 
     </span>
    </p>
   </div>
   <div class='ocr_carea' id='block_1_2' title="bbox 141 472 1357 3395">
    <p class='ocr_par' dir='ltr' id='par_1_2' title="bbox 141 472 1357 1925">
     <span class='ocr_line' id='line_1_2' title="bbox 144 472 1279 559; baseline 0.003 -20"><span class='ocrx_word' id='word_1_3' title='bbox 144 474 269 559; x_wconf 86' lang='lat' dir='ltr'>antiqui</span> <span class='ocrx_word' id='word_1_4' title='bbox 291 497 350 559; x_wconf 93' lang='lat' dir='ltr'>pro</span> <span class='ocrx_word' id='word_1_5' title='bbox 373 475 509 540; x_wconf 89' lang='lat' dir='ltr'>scribere</span> <span class='ocrx_word' id='word_1_6' title='bbox 531 472 692 538; x_wconf 88' lang='lat' dir='ltr'>interdum</span> <span class='ocrx_word' id='word_1_7' title='bbox 714 474 886 559; x_wconf 89' lang='lat' dir='ltr'>ponebant.</span> <span class='ocrx_word' id='word_1_8' title='bbox 930 472 971 539; x_wconf 85' lang='lat' dir='ltr'>F.</span> <span class='ocrx_word' id='word_1_9' title='bbox 993 479 1073 541; x_wconf 87' lang='grc'><strong><em>285.</em></strong></span> <span class='ocrx_word' id='word_1_10' title='bbox 1109 476 1164 559; x_wconf 90' lang='lat' dir='ltr'>(P.</span> <span class='ocrx_word' id='word_1_11' title='bbox 1188 474 1279 558; x_wconf 80' lang='lat'><em>284.)</em></span> 
     </span>
     <span class='ocr_line' id='line_1_3' title="bbox 142 579 1320 665; baseline 0 -21"><span class='ocrx_word' id='word_1_12' title='bbox 142 579 255 645; x_wconf 83' lang='lat' dir='ltr'>Reus</span> <span class='ocrx_word' id='word_1_13' title='bbox 276 603 361 646; x_wconf 90' lang='lat' dir='ltr'>nunc</span> <span class='ocrx_word' id='word_1_14' title='bbox 384 580 510 659; x_wconf 91' lang='lat' dir='ltr'>dicitur,</span> <span class='ocrx_word' id='word_1_15' title='bbox 534 580 589 664; x_wconf 92' lang='lat' dir='ltr'>qui</span> <span class='ocrx_word' id='word_1_16' title='bbox 611 601 739 644; x_wconf 89' lang='lat' dir='ltr'>causam</span> <span class='ocrx_word' id='word_1_17' title='bbox 762 579 848 659; x_wconf 89' lang='lat' dir='ltr'>dicit,</span> <span class='ocrx_word' id='word_1_18' title='bbox 871 581 1005 645; x_wconf 90' lang='lat' dir='ltr'>etitem</span> <span class='ocrx_word' id='word_1_19' title='bbox 1028 581 1085 665; x_wconf 91' lang='lat' dir='ltr'>qui</span> <span class='ocrx_word' id='word_1_20' title='bbox 1108 580 1187 665; x_wconf 90' lang='lat' dir='ltr'>quid</span> <span class='ocrx_word' id='word_1_21' title='bbox 1201 580 1320 664; x_wconf 91' lang='lat' dir='ltr'>promi·</span> 
     </span>
     <span class='ocr_line' id='line_1_4' title="bbox 141 684 1320 769; baseline 0 -19"><span class='ocrx_word' id='word_1_22' title='bbox 141 685 185 750; x_wconf 89' lang='lat' dir='ltr'>sit</span> <span class='ocrx_word' id='word_1_23' title='bbox 207 684 432 769; x_wconf 89' lang='lat' dir='ltr'>spoponditve¹</span> <span class='ocrx_word' id='word_1_24' title='bbox 455 707 492 749; x_wconf 91' lang='lat' dir='ltr'>ac</span> <span class='ocrx_word' id='word_1_25' title='bbox 514 685 623 761; x_wconf 82' lang='lat' dir='ltr'>debet3</span> <span class='ocrx_word' id='word_1_26' title='bbox 655 689 689 750; x_wconf 90' lang='lat' dir='ltr'>at</span> <span class='ocrx_word' id='word_1_27' title='bbox 712 685 823 750; x_wconf 79' lang='lat' dir='ltr'>Gallus</span> <span class='ocrx_word' id='word_1_28' title='bbox 846 685 959 750; x_wconf 87' lang='lat' dir='ltr'>Aelius</span> <span class='ocrx_word' id='word_1_29' title='bbox 981 723 1025 732; x_wconf 93' lang='lat'>—</span> <span class='ocrx_word' id='word_1_30' title='bbox 1048 687 1111 751; x_wconf 88' lang='lat' dir='ltr'>ait:</span> <span class='ocrx_word' id='word_1_31' title='bbox 1141 685 1241 752; x_wconf 87' lang='lat' dir='ltr'>‘Reus</span> <span class='ocrx_word' id='word_1_32' title='bbox 1264 689 1320 764; x_wconf 84' lang='lat' dir='ltr'>est,</span> 
     </span>
     <span class='ocr_line' id='line_1_5' title="bbox 144 789 1357 877; baseline 0.004 -24"><span class='ocrx_word' id='word_1_33' title='bbox 144 790 200 874; x_wconf 93' lang='lat' dir='ltr'>qui</span> <span class='ocrx_word' id='word_1_34' title='bbox 222 813 292 854; x_wconf 84' lang='lat' dir='ltr'>curn</span> <span class='ocrx_word' id='word_1_35' title='bbox 317 791 416 855; x_wconf 88' lang='lat' dir='ltr'>altero</span> <span class='ocrx_word' id='word_1_36' title='bbox 438 790 530 855; x_wconf 91' lang='lat' dir='ltr'>litem</span> <span class='ocrx_word' id='word_1_37' title='bbox 552 794 764 855; x_wconf 74' lang='lat' dir='ltr'>contestatam</span> <span class='ocrx_word' id='word_1_38' title='bbox 786 791 894 871; x_wconf 87' lang='lat' dir='ltr'>habet,</span> <span class='ocrx_word' id='word_1_39' title='bbox 918 791 984 856; x_wconf 89' lang='lat' dir='ltr'>sive</span> <span class='ocrx_word' id='word_1_40' title='bbox 1006 789 1050 855; x_wconf 75' lang='lat' dir='ltr'>is²</span> <span class='ocrx_word' id='word_1_41' title='bbox 1075 792 1143 877; x_wconf 84' lang='lat' dir='ltr'>egit</span> <span class='ocrx_word' id='word_1_42' title='bbox 1166 791 1235 856; x_wconf 90' lang='lat' dir='ltr'>sive</span> <span class='ocrx_word' id='word_1_43' title='bbox 1252 813 1357 860; x_wconf 58' lang='lat' dir='ltr'>cum</span> 
     </span>
     <span class='ocr_line' id='line_1_6' title="bbox 144 893 1357 982; baseline 0.006 -24"><span class='ocrx_word' id='word_1_44' title='bbox 144 916 179 958; x_wconf 89' lang='lat' dir='ltr'>eo</span> <span class='ocrx_word' id='word_1_45' title='bbox 204 898 310 959; x_wconf 88' lang='lat' dir='ltr'>actum</span> <span class='ocrx_word' id='word_1_46' title='bbox 335 899 392 959; x_wconf 88' lang='lat' dir='ltr'>est.</span> <span class='ocrx_word' id='word_1_47' title='bbox 438 893 524 960; x_wconf 85' lang='lat' dir='ltr'>Reus</span> <span class='ocrx_word' id='word_1_48' title='bbox 547 895 731 980; x_wconf 84' lang='lat' dir='ltr'>stipulando</span> <span class='ocrx_word' id='word_1_49' title='bbox 754 900 802 961; x_wconf 92' lang='lat' dir='ltr'>est</span> <span class='ocrx_word' id='word_1_50' title='bbox 816 898 911 976; x_wconf 89' lang='lat' dir='ltr'>idem,</span> <span class='ocrx_word' id='word_1_51' title='bbox 934 898 991 981; x_wconf 94' lang='lat' dir='ltr'>qui</span> <span class='ocrx_word' id='word_1_52' title='bbox 1017 897 1193 982; x_wconf 80' lang='lat' dir='ltr'>stipulator</span> <span class='ocrx_word' id='word_1_53' title='bbox 1207 896 1357 965; x_wconf 77' lang='lat' dir='ltr'>dicitur:</span> 
     </span>
     <span class='ocr_line' id='line_1_7' title="bbox 143 999 1357 1086; baseline 0.006 -23"><span class='ocrx_word' id='word_1_54' title='bbox 143 999 254 1083; x_wconf 79' lang='lat' dir='ltr'>quive³</span> <span class='ocrx_word' id='word_1_55' title='bbox 286 1023 343 1065; x_wconf 90' lang='lat' dir='ltr'>suo</span> <span class='ocrx_word' id='word_1_56' title='bbox 366 1001 494 1067; x_wconf 89' lang='lat' dir='ltr'>nomine</span> <span class='ocrx_word' id='word_1_57' title='bbox 521 1002 562 1066; x_wconf 92' lang='lat' dir='ltr'>ab</span> <span class='ocrx_word' id='word_1_58' title='bbox 585 1001 686 1067; x_wconf 88' lang='lat' dir='ltr'>altero</span> <span class='ocrx_word' id='word_1_59' title='bbox 710 1001 787 1086; x_wconf 94' lang='lat' dir='ltr'>quid</span> <span class='ocrx_word' id='word_1_60' title='bbox 809 1001 998 1086; x_wconf 71' lang='lat' dir='ltr'>stipulatus⁴</span> <span class='ocrx_word' id='word_1_61' title='bbox 1022 1005 1081 1081; x_wconf 89' lang='lat' dir='ltr'>est,</span> <span class='ocrx_word' id='word_1_62' title='bbox 1109 1023 1177 1066; x_wconf 89' lang='lat' dir='ltr'>non</span> <span class='ocrx_word' id='word_1_63' title='bbox 1199 999 1247 1066; x_wconf 72' lang='lat' dir='ltr'>isl</span> <span class='ocrx_word' id='word_1_64' title='bbox 1269 1000 1357 1085; x_wconf 62' lang='lat' dir='ltr'>quff</span> 
     </span>
     <span class='ocr_line' id='line_1_8' title="bbox 142 1105 1357 1192; baseline 0.003 -25"><span class='ocrx_word' id='word_1_65' title='bbox 142 1105 235 1169; x_wconf 88' lang='lat' dir='ltr'>alteri</span> <span class='ocrx_word' id='word_1_66' title='bbox 258 1105 471 1188; x_wconf 82' lang='lat' dir='ltr'>adstipulatus</span> <span class='ocrx_word' id='word_1_67' title='bbox 495 1111 553 1171; x_wconf 90' lang='lat' dir='ltr'>est.</span> <span class='ocrx_word' id='word_1_68' title='bbox 599 1106 685 1172; x_wconf 83' lang='lat' dir='ltr'>Reus</span> <span class='ocrx_word' id='word_1_69' title='bbox 708 1107 924 1191; x_wconf 87' lang='lat' dir='ltr'>promittendo</span> <span class='ocrx_word' id='word_1_70' title='bbox 947 1111 1005 1187; x_wconf 91' lang='lat' dir='ltr'>est,</span> <span class='ocrx_word' id='word_1_71' title='bbox 1032 1108 1089 1192; x_wconf 91' lang='lat' dir='ltr'>qui</span> <span class='ocrx_word' id='word_1_72' title='bbox 1111 1130 1171 1173; x_wconf 89' lang='lat' dir='ltr'>suo</span> <span class='ocrx_word' id='word_1_73' title='bbox 1194 1107 1357 1179; x_wconf 60' lang='lat' dir='ltr'>nomins</span> 
     </span>
     <span class='ocr_line' id='line_1_9' title="bbox 143 1210 1357 1297; baseline 0.002 -24"><span class='ocrx_word' id='word_1_74' title='bbox 143 1210 235 1274; x_wconf 87' lang='lat' dir='ltr'>alteri</span> <span class='ocrx_word' id='word_1_75' title='bbox 259 1210 335 1295; x_wconf 92' lang='lat' dir='ltr'>quid</span> <span class='ocrx_word' id='word_1_76' title='bbox 357 1211 504 1294; x_wconf 85' lang='lat' dir='ltr'>promisit</span> <span class='ocrx_word' id='word_1_77' title='bbox 519 1212 629 1297; x_wconf 85' lang='lat' dir='ltr'>quive⁶</span> <span class='ocrx_word' id='word_1_78' title='bbox 652 1234 710 1297; x_wconf 87' lang='lat' dir='ltr'>pro</span> <span class='ocrx_word' id='word_1_79' title='bbox 726 1213 827 1278; x_wconf 88' lang='lat' dir='ltr'>altero</span> <span class='ocrx_word' id='word_1_80' title='bbox 844 1213 921 1297; x_wconf 94' lang='lat' dir='ltr'>quid</span> <span class='ocrx_word' id='word_1_81' title='bbox 936 1212 1104 1296; x_wconf 86' lang='lat' dir='ltr'>promisit&#39;</span> <span class='ocrx_word' id='word_1_82' title='bbox 1144 1212 1191 1277; x_wconf 83' lang='lat' dir='ltr'>At</span> <span class='ocrx_word' id='word_1_83' title='bbox 1206 1212 1357 1296; x_wconf 52' lang='lat' dir='ltr'>Capita</span> 
     </span>
     <span class='ocr_line' id='line_1_10' title="bbox 145 1314 1357 1400; baseline 0.002 -23"><span class='ocrx_word' id='word_1_84' title='bbox 145 1314 274 1379; x_wconf 79' lang='lat' dir='ltr'>Ateius⁶</span> <span class='ocrx_word' id='word_1_85' title='bbox 305 1314 340 1378; x_wconf 89' lang='lat' dir='ltr'>in</span> <span class='ocrx_word' id='word_1_86' title='bbox 372 1315 480 1380; x_wconf 90' lang='lat' dir='ltr'>eadem</span> <span class='ocrx_word' id='word_1_87' title='bbox 511 1316 639 1399; x_wconf 92' lang='lat' dir='ltr'>quidem</span> <span class='ocrx_word' id='word_1_88' title='bbox 670 1316 819 1400; x_wconf 91' lang='lat' dir='ltr'>opinione</span> <span class='ocrx_word' id='word_1_89' title='bbox 845 1320 910 1397; x_wconf 92' lang='lat' dir='ltr'>est,</span> <span class='ocrx_word' id='word_1_90' title='bbox 943 1317 997 1382; x_wconf 86' lang='lat' dir='ltr'>sed</span> <span class='ocrx_word' id='word_1_91' title='bbox 1021 1317 1168 1400; x_wconf 85' lang='lat' dir='ltr'>exemplo</span> <span class='ocrx_word' id='word_1_92' title='bbox 1192 1317 1357 1391; x_wconf 61' lang='lat' dir='ltr'>adiuvai</span> 
     </span>
     <span class='ocr_line' id='line_1_11' title="bbox 144 1419 1357 1505; baseline 0.002 -23"><span class='ocrx_word' id='word_1_93' title='bbox 144 1419 457 1503; x_wconf 70' lang='lat' dir='ltr'>interpretationem</span> <span class='ocrx_word' id='word_1_94' title='bbox 480 1420 572 1485; x_wconf 80' lang='lat' dir='ltr'>nam⁷</span> <span class='ocrx_word' id='word_1_95' title='bbox 594 1421 628 1485; x_wconf 94' lang='lat' dir='ltr'>in</span> <span class='ocrx_word' id='word_1_96' title='bbox 651 1422 788 1486; x_wconf 89' lang='lat' dir='ltr'>secunda</span> <span class='ocrx_word' id='word_1_97' title='bbox 809 1422 921 1486; x_wconf 88' lang='lat' dir='ltr'>tabula</span> <span class='ocrx_word' id='word_1_98' title='bbox 943 1422 1080 1486; x_wconf 89' lang='lat' dir='ltr'>secunda</span> <span class='ocrx_word' id='word_1_99' title='bbox 1101 1420 1185 1502; x_wconf 74' lang='lat' dir='ltr'>lege,</span> <span class='ocrx_word' id='word_1_100' title='bbox 1208 1421 1245 1485; x_wconf 92' lang='lat' dir='ltr'>in</span> <span class='ocrx_word' id='word_1_101' title='bbox 1261 1444 1357 1505; x_wconf 52' lang='lat' dir='ltr'>quae</span> 
     </span>
     <span class='ocr_line' id='line_1_12' title="bbox 145 1524 1357 1616; baseline 0.001 -27"><span class='ocrx_word' id='word_1_102' title='bbox 145 1524 299 1608; x_wconf 91' lang='lat' dir='ltr'>scriptum</span> <span class='ocrx_word' id='word_1_103' title='bbox 329 1528 396 1590; x_wconf 90' lang='lat' dir='ltr'>est:</span> <span class='ocrx_word' id='word_1_104' title='bbox 432 1525 518 1607; x_wconf 84' lang='lat' dir='ltr'>‘quid</span> <span class='ocrx_word' id='word_1_105' title='bbox 549 1525 665 1589; x_wconf 89' lang='lat' dir='ltr'>horum</span> <span class='ocrx_word' id='word_1_106' title='bbox 688 1525 752 1589; x_wconf 88' lang='lat' dir='ltr'>fuit</span> <span class='ocrx_word' id='word_1_107' title='bbox 774 1524 890 1589; x_wconf 77' lang='lat' dir='ltr'>unum⁸</span> <span class='ocrx_word' id='word_1_108' title='bbox 912 1526 1010 1590; x_wconf 94' lang='lat' dir='ltr'>iudici</span> <span class='ocrx_word' id='word_1_109' title='bbox 1033 1525 1197 1591; x_wconf 84' lang='lat' dir='ltr'>arbitrove</span> <span class='ocrx_word' id='word_1_110' title='bbox 1221 1547 1357 1616; x_wconf 39' lang='lat' dir='ltr'>reove,</span> 
     </span>
     <span class='ocr_line' id='line_1_13' title="bbox 146 1629 1357 1714; baseline -0.001 -20"><span class='ocrx_word' id='word_1_111' title='bbox 146 1652 182 1694; x_wconf 90' lang='lat' dir='ltr'>eo</span> <span class='ocrx_word' id='word_1_112' title='bbox 205 1629 271 1694; x_wconf 91' lang='lat' dir='ltr'>dies</span> <span class='ocrx_word' id='word_1_113' title='bbox 295 1629 452 1695; x_wconf 84' lang='lat' dir='ltr'>diffissus⁹</span> <span class='ocrx_word' id='word_1_114' title='bbox 475 1630 599 1710; x_wconf 80' lang='lat' dir='ltr'>esto&#39;¹⁰,</span> <span class='ocrx_word' id='word_1_115' title='bbox 623 1630 676 1695; x_wconf 90' lang='lat' dir='ltr'>hic</span> <span class='ocrx_word' id='word_1_116' title='bbox 698 1633 848 1714; x_wconf 88' lang='lat' dir='ltr'>uterque,</span> <span class='ocrx_word' id='word_1_117' title='bbox 881 1633 970 1695; x_wconf 89' lang='lat' dir='ltr'>actor</span> <span class='ocrx_word' id='word_1_118' title='bbox 990 1629 1183 1713; x_wconf 81' lang='lat' dir='ltr'>reusque¹¹,</span> <span class='ocrx_word' id='word_1_119' title='bbox 1216 1629 1252 1693; x_wconf 92' lang='lat' dir='ltr'>in</span> <span class='ocrx_word' id='word_1_120' title='bbox 1274 1631 1357 1703; x_wconf 69' lang='lat' dir='ltr'>iu.</span> 
     </span>
     <span class='ocr_line' id='line_1_14' title="bbox 145 1732 1351 1818; baseline 0 -20"><span class='ocrx_word' id='word_1_121' title='bbox 145 1734 226 1799; x_wconf 91' lang='lat' dir='ltr'>dicio</span> <span class='ocrx_word' id='word_1_122' title='bbox 258 1757 330 1799; x_wconf 90' lang='lat' dir='ltr'>reus</span> <span class='ocrx_word' id='word_1_123' title='bbox 344 1732 371 1770; x_wconf 70' lang='lat'>¹⁹</span> <span class='ocrx_word' id='word_1_124' title='bbox 404 1739 552 1813; x_wconf 87' lang='lat' dir='ltr'>vocatur,</span> <span class='ocrx_word' id='word_1_125' title='bbox 583 1735 722 1818; x_wconf 89' lang='lat' dir='ltr'>itemque</span> <span class='ocrx_word' id='word_1_126' title='bbox 751 1738 915 1799; x_wconf 91' lang='lat' dir='ltr'>accusator</span> <span class='ocrx_word' id='word_1_127' title='bbox 944 1734 983 1799; x_wconf 93' lang='lat' dir='ltr'>de</span> <span class='ocrx_word' id='word_1_128' title='bbox 1005 1735 1059 1799; x_wconf 87' lang='lat' dir='ltr'>via</span> <span class='ocrx_word' id='word_1_129' title='bbox 1080 1735 1165 1799; x_wconf 90' lang='lat' dir='ltr'>citur</span> <span class='ocrx_word' id='word_1_130' title='bbox 1178 1733 1208 1770; x_wconf 81' lang='lat'>¹⁸</span> <span class='ocrx_word' id='word_1_131' title='bbox 1238 1756 1351 1812; x_wconf 69' lang='lat' dir='ltr'>mol-0</span> 
     </span>
     <span class='ocr_line' id='line_1_15' title="bbox 146 1838 903 1925; baseline -0.001 -21"><span class='ocrx_word' id='word_1_132' title='bbox 146 1845 251 1905; x_wconf 88' lang='lat' dir='ltr'>vetere</span> <span class='ocrx_word' id='word_1_133' title='bbox 274 1845 305 1906; x_wconf 92' lang='lat' dir='ltr'>et</span> <span class='ocrx_word' id='word_1_134' title='bbox 328 1842 553 1906; x_wconf 90' lang='lat' dir='ltr'>consuetudine</span> <span class='ocrx_word' id='word_1_135' title='bbox 576 1841 717 1925; x_wconf 88' lang='lat' dir='ltr'>antiqua.</span> <span class='ocrx_word' id='word_1_136' title='bbox 764 1838 803 1903; x_wconf 80' lang='lat' dir='ltr'>F.</span> <span class='ocrx_word' id='word_1_137' title='bbox 826 1844 903 1905; x_wconf 81' lang='grc'><strong><em>273.</em></strong></span> 
     </span>
    </p>

    <p class='ocr_par' dir='ltr' id='par_1_3' title="bbox 142 1942 1339 2767">
     <span class='ocr_line' id='line_1_16' title="bbox 142 1942 1339 2036; baseline 0.002 -28"><span class='ocrx_word' id='word_1_138' title='bbox 142 1944 259 2010; x_wconf 83' lang='lat' dir='ltr'>Reus</span> <span class='ocrx_word' id='word_1_139' title='bbox 281 1964 351 2009; x_wconf 88' lang='lat' dir='ltr'>curn</span> <span class='ocrx_word' id='word_1_140' title='bbox 375 1967 434 2029; x_wconf 88' lang='lat' dir='ltr'>pro</span> <span class='ocrx_word' id='word_1_141' title='bbox 456 1944 599 2032; x_wconf 56' lang='lat' dir='ltr'>ustaeque</span> <span class='ocrx_word' id='word_1_142' title='bbox 616 1951 766 2027; x_wconf 76' lang='lat' dir='ltr'>ponatur,</span> <span class='ocrx_word' id='word_1_143' title='bbox 791 1983 832 1992; x_wconf 89' lang='lat'>-</span> <span class='ocrx_word' id='word_1_144' title='bbox 856 1946 912 2027; x_wconf 81' lang='lat' dir='ltr'>qai</span> <span class='ocrx_word' id='word_1_145' title='bbox 932 1950 989 2010; x_wconf 78' lang='lat' dir='ltr'>out</span> <span class='ocrx_word' id='word_1_146' title='bbox 1010 1942 1104 2032; x_wconf 72' lang='lat' dir='ltr'>dilcit</span> <span class='ocrx_word' id='word_1_147' title='bbox 1126 1967 1185 2030; x_wconf 91' lang='lat' dir='ltr'>pro</span> <span class='ocrx_word' id='word_1_148' title='bbox 1201 1967 1236 2010; x_wconf 94' lang='lat' dir='ltr'>se</span> <span class='ocrx_word' id='word_1_149' title='bbox 1257 1944 1339 2036; x_wconf 60' lang='lat' dir='ltr'>affl</span> 
     </span>
     <span class='ocr_line' id='line_1_17' title="bbox 145 2048 1255 2138; baseline -0.001 -24"><span class='ocrx_word' id='word_1_150' title='bbox 145 2056 253 2115; x_wconf 76' lang='lat' dir='ltr'>contro</span> <span class='ocrx_word' id='word_1_151' title='bbox 275 2054 303 2115; x_wconf 83' lang='lat' dir='ltr'>te</span> <span class='ocrx_word' id='word_1_152' title='bbox 324 2052 396 2134; x_wconf 71' lang='lat' dir='ltr'>opit,</span> <span class='ocrx_word' id='word_1_153' title='bbox 419 2055 547 2131; x_wconf 66' lang='lat' dir='ltr'>utaque</span> <span class='ocrx_word' id='word_1_154' title='bbox 567 2048 760 2136; x_wconf 74' lang='lat' dir='ltr'>iaromcnlto</span> <span class='ocrx_word' id='word_1_155' title='bbox 783 2054 838 2114; x_wconf 92' lang='lat' dir='ltr'>tuo</span> <span class='ocrx_word' id='word_1_156' title='bbox 861 2050 909 2114; x_wconf 93' lang='lat' dir='ltr'>uti</span> <span class='ocrx_word' id='word_1_157' title='bbox 934 2049 1067 2138; x_wconf 77' lang='lat' dir='ltr'>[potest]</span> <span class='ocrx_word' id='word_1_158' title='bbox 1113 2048 1154 2113; x_wconf 77' lang='lat' dir='ltr'>F.</span> <span class='ocrx_word' id='word_1_159' title='bbox 1176 2054 1255 2115; x_wconf 85' lang='grc'><strong><em>289.</em></strong></span> 
     </span>
     <span class='ocr_line' id='line_1_18' title="bbox 144 2153 1320 2238; baseline 0.006 -21"><span class='ocrx_word' id='word_1_160' title='bbox 144 2153 269 2218; x_wconf 86' lang='lat' dir='ltr'>Ritus</span> <span class='ocrx_word' id='word_1_161' title='bbox 286 2159 334 2219; x_wconf 88' lang='lat' dir='ltr'>est</span> <span class='ocrx_word' id='word_1_162' title='bbox 348 2177 416 2219; x_wconf 89' lang='lat' dir='ltr'>mos</span> <span class='ocrx_word' id='word_1_163' title='bbox 432 2156 657 2238; x_wconf 87' lang='lat' dir='ltr'>comprobatus</span> <span class='ocrx_word' id='word_1_164' title='bbox 672 2156 706 2219; x_wconf 93' lang='lat' dir='ltr'>in</span> <span class='ocrx_word' id='word_1_165' title='bbox 723 2156 983 2221; x_wconf 84' lang='lat' dir='ltr'>administrandis</span> <span class='ocrx_word' id='word_1_166' title='bbox 998 2155 1173 2220; x_wconf 86' lang='lat' dir='ltr'>sacrificiis.</span> <span class='ocrx_word' id='word_1_167' title='bbox 1198 2155 1320 2224; x_wconf 65' lang='lat' dir='ltr'>Rasa</span> 
     </span>
     <span class='ocr_line' id='line_1_19' title="bbox 144 2258 1314 2346; baseline 0.005 -24"><span class='ocrx_word' id='word_1_168' title='bbox 144 2258 289 2324; x_wconf 87' lang='lat' dir='ltr'>Rodus</span> <span class='ocrx_word' id='word_1_169' title='bbox 312 2261 360 2325; x_wconf 90' lang='lat' dir='ltr'>vel</span> <span class='ocrx_word' id='word_1_170' title='bbox 377 2260 493 2325; x_wconf 89' lang='lat' dir='ltr'>raudus</span> <span class='ocrx_word' id='word_1_171' title='bbox 517 2260 677 2346; x_wconf 82' lang='lat' dir='ltr'>significat</span> <span class='ocrx_word' id='word_1_172' title='bbox 699 2283 767 2325; x_wconf 85' lang='lat' dir='ltr'>rem</span> <span class='ocrx_word' id='word_1_173' title='bbox 786 2260 897 2326; x_wconf 89' lang='lat' dir='ltr'>rudem</span> <span class='ocrx_word' id='word_1_174' title='bbox 913 2265 944 2326; x_wconf 88' lang='lat' dir='ltr'>et</span> <span class='ocrx_word' id='word_1_175' title='bbox 959 2260 1169 2345; x_wconf 82' lang='lat' dir='ltr'>inperfectam</span> <span class='ocrx_word' id='word_1_176' title='bbox 1181 2260 1225 2338; x_wconf 82' lang='lat'>¹⁴3</span> <span class='ocrx_word' id='word_1_177' title='bbox 1246 2283 1314 2328; x_wconf 81' lang='lat' dir='ltr'>narr</span> 
     </span>
     <span class='ocr_line' id='line_1_20' title="bbox 144 2363 1310 2450; baseline 0.001 -22"><span class='ocrx_word' id='word_1_178' title='bbox 144 2387 256 2428; x_wconf 84' lang='lat' dir='ltr'>saxum</span> <span class='ocrx_word' id='word_1_179' title='bbox 280 2387 407 2449; x_wconf 90' lang='lat' dir='ltr'>quoquo</span> <span class='ocrx_word' id='word_1_180' title='bbox 429 2366 547 2430; x_wconf 90' lang='lat' dir='ltr'>raudus</span> <span class='ocrx_word' id='word_1_181' title='bbox 570 2366 733 2450; x_wconf 88' lang='lat' dir='ltr'>appellant</span> <span class='ocrx_word' id='word_1_182' title='bbox 756 2370 868 2450; x_wconf 89' lang='lat' dir='ltr'>poetae</span> <span class='ocrx_word' id='word_1_183' title='bbox 889 2403 943 2430; x_wconf 92' lang='lat'>-.</span> <span class='ocrx_word' id='word_1_184' title='bbox 990 2363 1119 2450; x_wconf 79' lang='lat' dir='ltr'>Vulgus</span> <span class='ocrx_word' id='word_1_185' title='bbox 1138 2365 1263 2450; x_wconf 87' lang='lat' dir='ltr'>quidem</span> <span class='ocrx_word' id='word_1_186' title='bbox 1284 2366 1310 2429; x_wconf 90' lang='lat' dir='ltr'>in</span> 
     </span>
     <span class='ocr_line' id='line_1_21' title="bbox 142 2469 1307 2556; baseline 0 -22"><span class='ocrx_word' id='word_1_187' title='bbox 142 2493 203 2534; x_wconf 92' lang='lat' dir='ltr'>usu</span> <span class='ocrx_word' id='word_1_188' title='bbox 225 2470 341 2535; x_wconf 88' lang='lat' dir='ltr'>habuit</span> <span class='ocrx_word' id='word_1_189' title='bbox 362 2493 427 2536; x_wconf 91' lang='lat' dir='ltr'>non</span> <span class='ocrx_word' id='word_1_190' title='bbox 449 2472 543 2536; x_wconf 91' lang='lat' dir='ltr'>modo</span> <span class='ocrx_word' id='word_1_191' title='bbox 565 2493 624 2556; x_wconf 93' lang='lat' dir='ltr'>pro</span> <span class='ocrx_word' id='word_1_192' title='bbox 647 2493 719 2535; x_wconf 88' lang='lat' dir='ltr'>aere</span> <span class='ocrx_word' id='word_1_193' title='bbox 741 2471 929 2555; x_wconf 81' lang='lat' dir='ltr'>inperfecte,</span> <span class='ocrx_word' id='word_1_194' title='bbox 952 2471 1066 2535; x_wconf 93' lang='lat' dir='ltr'>—sed</span> <span class='ocrx_word' id='word_1_195' title='bbox 1092 2470 1192 2536; x_wconf 87' lang='lat' dir='ltr'>ctiam</span> <span class='ocrx_word' id='word_1_196' title='bbox 1205 2469 1232 2507; x_wconf 81' lang='lat'>¹⁶</span> <span class='ocrx_word' id='word_1_197' title='bbox 1251 2471 1307 2554; x_wconf 79' lang='lat' dir='ltr'>sig·</span> 
     </span>
     <span class='ocr_line' id='line_1_22' title="bbox 143 2573 1307 2659; baseline -0.002 -20"><span class='ocrx_word' id='word_1_198' title='bbox 143 2579 230 2657; x_wconf 92' lang='lat' dir='ltr'>nato,</span> <span class='ocrx_word' id='word_1_199' title='bbox 255 2576 330 2659; x_wconf 88' lang='lat' dir='ltr'>quia</span> <span class='ocrx_word' id='word_1_200' title='bbox 352 2575 387 2639; x_wconf 92' lang='lat' dir='ltr'>in</span> <span class='ocrx_word' id='word_1_201' title='bbox 410 2575 628 2659; x_wconf 88' lang='lat' dir='ltr'>mancipando,</span> <span class='ocrx_word' id='word_1_202' title='bbox 652 2597 724 2639; x_wconf 88' lang='lat' dir='ltr'>cum</span> <span class='ocrx_word' id='word_1_203' title='bbox 739 2576 856 2640; x_wconf 91' lang='lat' dir='ltr'>dicitur</span> <span class='ocrx_word' id='word_1_204' title='bbox 877 2575 1058 2640; x_wconf 87' lang='lat' dir='ltr'>‘rudusculo</span> <span class='ocrx_word' id='word_1_205' title='bbox 1073 2575 1191 2640; x_wconf 87' lang='lat' dir='ltr'>libram</span> <span class='ocrx_word' id='word_1_206' title='bbox 1205 2573 1307 2650; x_wconf 86' lang='lat' dir='ltr'>ferito’,</span> 
     </span>
     <span class='ocr_line' id='line_1_23' title="bbox 144 2680 727 2767; baseline -0.003 -21"><span class='ocrx_word' id='word_1_207' title='bbox 144 2704 212 2746; x_wconf 86' lang='lat' dir='ltr'>asse</span> <span class='ocrx_word' id='word_1_208' title='bbox 235 2681 383 2767; x_wconf 84' lang='lat' dir='ltr'>tangitur</span> <span class='ocrx_word' id='word_1_209' title='bbox 405 2681 498 2749; x_wconf 89' lang='lat' dir='ltr'>libra.</span> <span class='ocrx_word' id='word_1_210' title='bbox 522 2717 566 2726; x_wconf 91' lang='lat'><strong>—</strong></span> <span class='ocrx_word' id='word_1_211' title='bbox 588 2680 627 2744; x_wconf 86' lang='lat' dir='ltr'>F.</span> <span class='ocrx_word' id='word_1_212' title='bbox 650 2685 727 2746; x_wconf 86' lang='grc'><strong><em>265.</em></strong></span> 
     </span>
    </p>

    <p class='ocr_par' dir='ltr' id='par_1_4' title="bbox 143 2783 1315 3395">
     <span class='ocr_line' id='line_1_24' title="bbox 143 2783 1311 2871; baseline -0.004 -22"><span class='ocrx_word' id='word_1_213' title='bbox 143 2785 327 2871; x_wconf 83' lang='lat' dir='ltr'>Rogatio</span> <span class='ocrx_word' id='word_1_214' title='bbox 350 2796 415 2866; x_wconf 90' lang='lat' dir='ltr'>est,</span> <span class='ocrx_word' id='word_1_215' title='bbox 445 2808 518 2851; x_wconf 91' lang='lat' dir='ltr'>oum</span> <span class='ocrx_word' id='word_1_216' title='bbox 540 2786 676 2870; x_wconf 90' lang='lat' dir='ltr'>populus</span> <span class='ocrx_word' id='word_1_217' title='bbox 699 2785 876 2851; x_wconf 83' lang='lat' dir='ltr'>consulitur</span> <span class='ocrx_word' id='word_1_218' title='bbox 908 2787 946 2851; x_wconf 88' lang='lat' dir='ltr'>de</span> <span class='ocrx_word' id='word_1_219' title='bbox 967 2808 1031 2850; x_wconf 91' lang='lat' dir='ltr'>uno</span> <span class='ocrx_word' id='word_1_220' title='bbox 1054 2785 1238 2870; x_wconf 86' lang='lat' dir='ltr'>pluribusve</span> <span class='ocrx_word' id='word_1_221' title='bbox 1254 2783 1311 2846; x_wconf 89' lang='lat' dir='ltr'>ho·</span> 
     </span>
     <span class='ocr_line' id='line_1_25' title="bbox 146 2889 1314 2975; baseline -0.003 -21"><span class='ocrx_word' id='word_1_222' title='bbox 146 2891 301 2970; x_wconf 88' lang='lat' dir='ltr'>minibus,</span> <span class='ocrx_word' id='word_1_223' title='bbox 335 2892 420 2974; x_wconf 90' lang='lat' dir='ltr'>quod</span> <span class='ocrx_word' id='word_1_224' title='bbox 448 2913 511 2955; x_wconf 92' lang='lat' dir='ltr'>non</span> <span class='ocrx_word' id='word_1_225' title='bbox 539 2892 578 2955; x_wconf 90' lang='lat' dir='ltr'>ad</span> <span class='ocrx_word' id='word_1_226' title='bbox 602 2891 705 2956; x_wconf 91' lang='lat' dir='ltr'>omnis</span> <span class='ocrx_word' id='word_1_227' title='bbox 728 2891 902 2975; x_wconf 78' lang='lat' dir='ltr'>pertineat,</span> <span class='ocrx_word' id='word_1_228' title='bbox 935 2895 967 2956; x_wconf 88' lang='lat' dir='ltr'>et</span> <span class='ocrx_word' id='word_1_229' title='bbox 990 2892 1028 2955; x_wconf 93' lang='lat' dir='ltr'>de</span> <span class='ocrx_word' id='word_1_230' title='bbox 1050 2912 1116 2954; x_wconf 92' lang='lat' dir='ltr'>una</span> <span class='ocrx_word' id='word_1_231' title='bbox 1138 2889 1314 2974; x_wconf 73' lang='lat' dir='ltr'>pluribusve</span> 
     </span>
     <span class='ocr_line' id='line_1_26' title="bbox 143 2990 1315 3080; baseline -0.001 -22"><span class='ocrx_word' id='word_1_232' title='bbox 143 2996 255 3074; x_wconf 89' lang='lat' dir='ltr'>rebus,</span> <span class='ocrx_word' id='word_1_233' title='bbox 287 2996 324 3060; x_wconf 90' lang='lat' dir='ltr'>de</span> <span class='ocrx_word' id='word_1_234' title='bbox 348 2996 463 3080; x_wconf 92' lang='lat' dir='ltr'>quibus</span> <span class='ocrx_word' id='word_1_235' title='bbox 490 3018 555 3060; x_wconf 90' lang='lat' dir='ltr'>non</span> <span class='ocrx_word' id='word_1_236' title='bbox 578 2996 725 3061; x_wconf 91' lang='lat' dir='ltr'>omnibus</span> <span class='ocrx_word' id='word_1_237' title='bbox 748 2996 923 3061; x_wconf 84' lang='lat' dir='ltr'>sanciatur:</span> <span class='ocrx_word' id='word_1_238' title='bbox 955 3019 1031 3061; x_wconf 85' lang='lat' dir='ltr'>nam</span> <span class='ocrx_word' id='word_1_239' title='bbox 1054 2997 1140 3080; x_wconf 92' lang='lat' dir='ltr'>quod</span> <span class='ocrx_word' id='word_1_240' title='bbox 1162 2996 1196 3060; x_wconf 90' lang='lat' dir='ltr'>in</span> <span class='ocrx_word' id='word_1_241' title='bbox 1216 2990 1315 3059; x_wconf 73' lang='lat' dir='ltr'>omnis</span> 
     </span>
     <span class='ocr_line' id='line_1_27' title="bbox 144 3097 1315 3186; baseline 0 -23"><span class='ocrx_word' id='word_1_242' title='bbox 144 3101 288 3166; x_wconf 88' lang='lat' dir='ltr'>homines</span> <span class='ocrx_word' id='word_1_243' title='bbox 317 3123 405 3166; x_wconf 87' lang='lat' dir='ltr'>resve</span> <span class='ocrx_word' id='word_1_244' title='bbox 428 3102 563 3186; x_wconf 92' lang='lat' dir='ltr'>populus</span> <span class='ocrx_word' id='word_1_245' title='bbox 585 3101 736 3180; x_wconf 79' lang='lat' dir='ltr'>scivit¹⁰,</span> <span class='ocrx_word' id='word_1_246' title='bbox 764 3102 815 3166; x_wconf 86' lang='lat' dir='ltr'>lex</span> <span class='ocrx_word' id='word_1_247' title='bbox 838 3102 1027 3186; x_wconf 86' lang='lat' dir='ltr'>appellatur.</span> <span class='ocrx_word' id='word_1_248' title='bbox 1073 3099 1188 3186; x_wconf 89' lang='lat' dir='ltr'>Itaque</span> <span class='ocrx_word' id='word_1_249' title='bbox 1209 3097 1315 3164; x_wconf 67' lang='lat' dir='ltr'>Gallus</span> 
     </span>
     <span class='ocr_line' id='line_1_28' title="bbox 146 3197 1312 3290; baseline -0.004 -22"><span class='ocrx_word' id='word_1_250' title='bbox 146 3205 255 3270; x_wconf 86' lang='lat' dir='ltr'>Aelius</span> <span class='ocrx_word' id='word_1_251' title='bbox 279 3206 342 3270; x_wconf 90' lang='lat' dir='ltr'>ait:</span> <span class='ocrx_word' id='word_1_252' title='bbox 367 3206 461 3269; x_wconf 86' lang='lat' dir='ltr'>‘inter</span> <span class='ocrx_word' id='word_1_253' title='bbox 484 3205 586 3290; x_wconf 85' lang='lat' dir='ltr'>legem</span> <span class='ocrx_word' id='word_1_254' title='bbox 609 3208 641 3269; x_wconf 90' lang='lat' dir='ltr'>et</span> <span class='ocrx_word' id='word_1_255' title='bbox 657 3205 857 3289; x_wconf 87' lang='lat' dir='ltr'>rogationem</span> <span class='ocrx_word' id='word_1_256' title='bbox 880 3205 940 3269; x_wconf 94' lang='lat' dir='ltr'>hoc</span> <span class='ocrx_word' id='word_1_257' title='bbox 954 3205 1104 3270; x_wconf 90' lang='lat' dir='ltr'>interest:</span> <span class='ocrx_word' id='word_1_258' title='bbox 1128 3204 1246 3290; x_wconf 77' lang='lat' dir='ltr'>rogatio</span> <span class='ocrx_word' id='word_1_259' title='bbox 1257 3197 1312 3263; x_wconf 61' lang='lat' dir='ltr'>est</span> 
     </span>
     <span class='ocr_line' id='line_1_29' title="bbox 143 3293 1315 3395; baseline -0.004 -21"><span class='ocrx_word' id='word_1_260' title='bbox 143 3332 244 3395; x_wconf 85' lang='lat' dir='ltr'>genus</span> <span class='ocrx_word' id='word_1_261' title='bbox 266 3311 364 3395; x_wconf 86' lang='lat' dir='ltr'>legis:</span> <span class='ocrx_word' id='word_1_262' title='bbox 387 3333 468 3393; x_wconf 87' lang='lat' dir='ltr'>quae</span> <span class='ocrx_word' id='word_1_263' title='bbox 489 3310 551 3389; x_wconf 84' lang='lat' dir='ltr'>lex,</span> <span class='ocrx_word' id='word_1_264' title='bbox 574 3332 638 3373; x_wconf 87' lang='lat' dir='ltr'>non</span> <span class='ocrx_word' id='word_1_265' title='bbox 661 3309 812 3374; x_wconf 90' lang='lat' dir='ltr'>continuo</span> <span class='ocrx_word' id='word_1_266' title='bbox 836 3331 873 3374; x_wconf 89' lang='lat' dir='ltr'>ea</span> <span class='ocrx_word' id='word_1_267' title='bbox 895 3310 1021 3394; x_wconf 85' lang='lat' dir='ltr'>rogatio</span> <span class='ocrx_word' id='word_1_268' title='bbox 1042 3313 1108 3387; x_wconf 86' lang='lat' dir='ltr'>est;</span> <span class='ocrx_word' id='word_1_269' title='bbox 1133 3293 1315 3395; x_wconf 65' lang='lat' dir='ltr'>[rogatid&#39;]</span> 
     </span>
    </p>
   </div>
   <div class='ocr_carea' id='block_1_3' title="bbox 145 3408 1316 3606">
    <p class='ocr_par' dir='ltr' id='par_1_5' title="bbox 145 3408 1316 3606">
     <span class='ocr_line' id='line_1_30' title="bbox 145 3408 1316 3502; baseline -0.002 -25"><span class='ocrx_word' id='word_1_270' title='bbox 145 3437 210 3478; x_wconf 92' lang='lat' dir='ltr'>non</span> <span class='ocrx_word' id='word_1_271' title='bbox 225 3419 331 3499; x_wconf 91' lang='lat' dir='ltr'>potest</span> <span class='ocrx_word' id='word_1_272' title='bbox 346 3438 410 3479; x_wconf 93' lang='lat' dir='ltr'>non</span> <span class='ocrx_word' id='word_1_273' title='bbox 427 3438 493 3480; x_wconf 74' lang='lat' dir='ltr'>esre</span> <span class='ocrx_word' id='word_1_274' title='bbox 506 3416 567 3494; x_wconf 85' lang='lat' dir='ltr'>lex,</span> <span class='ocrx_word' id='word_1_275' title='bbox 583 3416 610 3480; x_wconf 91' lang='lat' dir='ltr'>si</span> <span class='ocrx_word' id='word_1_276' title='bbox 622 3417 715 3480; x_wconf 92' lang='lat' dir='ltr'>modo</span> <span class='ocrx_word' id='word_1_277' title='bbox 727 3415 821 3480; x_wconf 89' lang='lat' dir='ltr'>iustis</span> <span class='ocrx_word' id='word_1_278' title='bbox 833 3416 971 3481; x_wconf 90' lang='lat' dir='ltr'>comitiis</span> <span class='ocrx_word' id='word_1_279' title='bbox 981 3420 1097 3502; x_wconf 85' lang='lat' dir='ltr'>rogata</span> <span class='ocrx_word' id='word_1_280' title='bbox 1108 3418 1178 3481; x_wconf 85' lang='lat' dir='ltr'>est&#39;</span> <span class='ocrx_word' id='word_1_281' title='bbox 1195 3408 1316 3478; x_wconf 78' lang='grc' dir='ltr'><strong><em>Ε266·</em></strong></span> 
     </span>
     <span class='ocr_line' id='line_1_31' title="bbox 145 3519 1153 3606; baseline 0.002 -24"><span class='ocrx_word' id='word_1_282' title='bbox 145 3519 354 3604; x_wconf 89' lang='lat' dir='ltr'>Rupitias</span> <span class='ocrx_word' id='word_1_283' title='bbox 376 3520 480 3587; x_wconf 85' lang='lat' dir='ltr'>XII18</span> <span class='ocrx_word' id='word_1_284' title='bbox 507 3520 667 3606; x_wconf 82' lang='lat' dir='ltr'>significat</span> <span class='ocrx_word' id='word_1_285' title='bbox 684 3522 833 3586; x_wconf 89' lang='lat' dir='ltr'>damnum</span> <span class='ocrx_word' id='word_1_286' title='bbox 850 3522 981 3587; x_wconf 87' lang='lat' dir='ltr'>dederit.</span> <span class='ocrx_word' id='word_1_287' title='bbox 1020 3520 1060 3585; x_wconf 87' lang='lat' dir='ltr'>F.</span> <span class='ocrx_word' id='word_1_288' title='bbox 1075 3524 1153 3587; x_wconf 87' lang='grc'><strong><em>265.</em></strong></span> 
     </span>
    </p>
   </div>
   <div class='ocr_carea' id='block_1_4' title="bbox 142 3761 1313 4186">
    <p class='ocr_par' dir='ltr' id='par_1_6' title="bbox 142 3761 1313 4186">
     <span class='ocr_line' id='line_1_32' title="bbox 217 3761 1312 3836; baseline -0.006 -16"><span class='ocrx_word' id='word_1_289' title='bbox 217 3767 241 3835; x_wconf 93' lang='grc'>1)</span> <span class='ocrx_word' id='word_1_290' title='bbox 260 3766 408 3836; x_wconf 88' lang='lat' dir='ltr'>sponditve</span> <span class='ocrx_word' id='word_1_291' title='bbox 425 3768 482 3824; x_wconf 83' lang='lat' dir='ltr'>cod.</span> <span class='ocrx_word' id='word_1_292' title='bbox 510 3798 544 3806; x_wconf 93' lang='lat'><em>-</em></span> <span class='ocrx_word' id='word_1_293' title='bbox 570 3767 600 3834; x_wconf 82' lang='lat'>2)</span> <span class='ocrx_word' id='word_1_294' title='bbox 619 3766 663 3820; x_wconf 91' lang='lat' dir='ltr'>his</span> <span class='ocrx_word' id='word_1_295' title='bbox 683 3767 739 3821; x_wconf 83' lang='lat' dir='ltr'>eod.</span> <span class='ocrx_word' id='word_1_296' title='bbox 759 3797 792 3806; x_wconf 90' lang='lat'>—</span> <span class='ocrx_word' id='word_1_297' title='bbox 811 3766 838 3832; x_wconf 84' lang='lat'>3)</span> <span class='ocrx_word' id='word_1_298' title='bbox 856 3765 960 3835; x_wconf 90' lang='lat' dir='ltr'>quippe</span> <span class='ocrx_word' id='word_1_299' title='bbox 978 3764 1035 3820; x_wconf 84' lang='lat' dir='ltr'>eod.</span> <span class='ocrx_word' id='word_1_300' title='bbox 1054 3794 1089 3802; x_wconf 90' lang='lat'>—</span> <span class='ocrx_word' id='word_1_301' title='bbox 1107 3765 1136 3831; x_wconf 81' lang='lat'>4)</span> <span class='ocrx_word' id='word_1_302' title='bbox 1153 3761 1246 3832; x_wconf 85' lang='lat' dir='ltr'>quibus</span> <span class='ocrx_word' id='word_1_303' title='bbox 1258 3767 1312 3824; x_wconf 82' lang='lat' dir='ltr'>pe-</span> 
     </span>
     <span class='ocr_line' id='line_1_33' title="bbox 145 3849 1313 3925; baseline -0.005 -17"><span class='ocrx_word' id='word_1_304' title='bbox 145 3855 260 3925; x_wconf 90' lang='lat' dir='ltr'>pulatus</span> <span class='ocrx_word' id='word_1_305' title='bbox 280 3856 322 3909; x_wconf 87' lang='lat' dir='ltr'>est</span> <span class='ocrx_word' id='word_1_306' title='bbox 340 3855 396 3909; x_wconf 82' lang='lat' dir='ltr'>cod.</span> <span class='ocrx_word' id='word_1_307' title='bbox 423 3886 459 3895; x_wconf 94' lang='lat'><em>-</em></span> <span class='ocrx_word' id='word_1_308' title='bbox 486 3855 512 3925; x_wconf 89' lang='grc'>5)</span> <span class='ocrx_word' id='word_1_309' title='bbox 534 3855 581 3923; x_wconf 91' lang='lat' dir='ltr'>qui</span> <span class='ocrx_word' id='word_1_310' title='bbox 600 3854 656 3908; x_wconf 86' lang='lat' dir='ltr'>cod.</span> <span class='ocrx_word' id='word_1_311' title='bbox 676 3884 709 3892; x_wconf 85' lang='lat'><em>—</em></span> <span class='ocrx_word' id='word_1_312' title='bbox 729 3855 758 3922; x_wconf 83' lang='lat'>6)</span> <span class='ocrx_word' id='word_1_313' title='bbox 777 3855 807 3906; x_wconf 88' lang='lat' dir='ltr'>at</span> <span class='ocrx_word' id='word_1_314' title='bbox 826 3851 941 3922; x_wconf 88' lang='lat' dir='ltr'>eapiton</span> <span class='ocrx_word' id='word_1_315' title='bbox 960 3854 1039 3906; x_wconf 86' lang='lat' dir='ltr'>actus</span> <span class='ocrx_word' id='word_1_316' title='bbox 1058 3851 1115 3906; x_wconf 83' lang='lat' dir='ltr'>cod.</span> <span class='ocrx_word' id='word_1_317' title='bbox 1134 3881 1170 3890; x_wconf 98' lang='lat'>-</span> <span class='ocrx_word' id='word_1_318' title='bbox 1187 3852 1213 3916; x_wconf 82' lang='grc'>7)</span> <span class='ocrx_word' id='word_1_319' title='bbox 1231 3849 1313 3902; x_wconf 67' lang='lat' dir='ltr'>1111111a</span> 
     </span>
     <span class='ocr_line' id='line_1_34' title="bbox 144 3934 1312 4012; baseline -0.009 -14"><span class='ocrx_word' id='word_1_320' title='bbox 144 3944 199 3998; x_wconf 83' lang='lat' dir='ltr'>cod.</span> <span class='ocrx_word' id='word_1_321' title='bbox 219 3972 253 3982; x_wconf 89' lang='lat'>-</span> <span class='ocrx_word' id='word_1_322' title='bbox 271 3942 299 4012; x_wconf 88' lang='lat'>8)</span> <span class='ocrx_word' id='word_1_323' title='bbox 318 3943 357 3996; x_wconf 83' lang='lat' dir='ltr'>sic</span> <span class='ocrx_word' id='word_1_324' title='bbox 375 3943 440 4009; x_wconf 83' lang='lat' dir='ltr'>cod,</span> <span class='ocrx_word' id='word_1_325' title='bbox 460 3941 560 3995; x_wconf 88' lang='lat' dir='ltr'>vitium</span> <span class='ocrx_word' id='word_1_326' title='bbox 576 3942 754 3996; x_wconf 59' lang='grc'>0141551115-</span> <span class='ocrx_word' id='word_1_327' title='bbox 774 3939 801 4009; x_wconf 90' lang='grc'>9)</span> <span class='ocrx_word' id='word_1_328' title='bbox 814 3939 859 3994; x_wconf 91' lang='lat' dir='ltr'>die</span> <span class='ocrx_word' id='word_1_329' title='bbox 872 3937 1005 3992; x_wconf 87' lang='lat' dir='ltr'>diffensus</span> <span class='ocrx_word' id='word_1_330' title='bbox 1019 3939 1076 3993; x_wconf 84' lang='lat' dir='ltr'>eod.</span> <span class='ocrx_word' id='word_1_331' title='bbox 1091 3969 1118 3978; x_wconf 93' lang='lat'><em>-</em></span> <span class='ocrx_word' id='word_1_332' title='bbox 1133 3939 1176 4008; x_wconf 87' lang='grc'>10)</span> <span class='ocrx_word' id='word_1_333' title='bbox 1187 3934 1312 4006; x_wconf 55' lang='lat' dir='ltr'>casnm</span> 
     </span>
     <span class='ocr_line' id='line_1_35' title="bbox 142 4019 1306 4100; baseline -0.003 -17"><span class='ocrx_word' id='word_1_334' title='bbox 142 4048 169 4100; x_wconf 81' lang='lat' dir='ltr'>p.</span> <span class='ocrx_word' id='word_1_335' title='bbox 181 4030 347 4096; x_wconf 58' lang='lat' dir='ltr'>ratanza.</span> <span class='ocrx_word' id='word_1_336' title='bbox 367 4060 400 4068; x_wconf 90' lang='lat'>-</span> <span class='ocrx_word' id='word_1_337' title='bbox 422 4027 464 4098; x_wconf 91' lang='grc'>11)</span> <span class='ocrx_word' id='word_1_338' title='bbox 484 4031 542 4084; x_wconf 89' lang='lat' dir='ltr'>esto</span> <span class='ocrx_word' id='word_1_339' title='bbox 555 4046 629 4082; x_wconf 88' lang='lat' dir='ltr'>nunc</span> <span class='ocrx_word' id='word_1_340' title='bbox 647 4030 765 4097; x_wconf 89' lang='lat' dir='ltr'>uterque</span> <span class='ocrx_word' id='word_1_341' title='bbox 777 4030 904 4082; x_wconf 88' lang='lat' dir='ltr'>actorum</span> <span class='ocrx_word' id='word_1_342' title='bbox 917 4026 1031 4094; x_wconf 84' lang='lat' dir='ltr'>reiquae</span> <span class='ocrx_word' id='word_1_343' title='bbox 1049 4025 1123 4094; x_wconf 61' lang='grc' dir='ltr'>θοῶς</span> <span class='ocrx_word' id='word_1_344' title='bbox 1140 4019 1306 4080; x_wconf 63' lang='lat' dir='ltr'>mmm·</span> 
     </span>
     <span class='ocr_line' id='line_1_36' title="bbox 145 4092 1305 4186; baseline -0.009 -13"><span class='ocrx_word' id='word_1_345' title='bbox 145 4126 170 4173; x_wconf 82' lang='lat' dir='ltr'>et</span> <span class='ocrx_word' id='word_1_346' title='bbox 189 4118 262 4172; x_wconf 82' lang='lat' dir='ltr'>Moe.</span> <span class='ocrx_word' id='word_1_347' title='bbox 282 4147 314 4156; x_wconf 87' lang='lat'>-</span> <span class='ocrx_word' id='word_1_348' title='bbox 336 4118 378 4186; x_wconf 83' lang='lat'>12)</span> <span class='ocrx_word' id='word_1_349' title='bbox 397 4117 470 4186; x_wconf 80' lang='lat' dir='ltr'>raus]</span> <span class='ocrx_word' id='word_1_350' title='bbox 484 4116 661 4186; x_wconf 67' lang='lat' dir='ltr'>Aequoribus,</span> <span class='ocrx_word' id='word_1_351' title='bbox 680 4132 725 4169; x_wconf 88' lang='lat' dir='ltr'>me</span> <span class='ocrx_word' id='word_1_352' title='bbox 743 4115 800 4169; x_wconf 84' lang='lat' dir='ltr'>cod.</span> <span class='ocrx_word' id='word_1_353' title='bbox 821 4144 850 4153; x_wconf 95' lang='lat'>-</span> <span class='ocrx_word' id='word_1_354' title='bbox 874 4113 916 4184; x_wconf 90' lang='grc'>13)</span> <span class='ocrx_word' id='word_1_355' title='bbox 931 4113 967 4167; x_wconf 91' lang='lat' dir='ltr'>de</span> <span class='ocrx_word' id='word_1_356' title='bbox 979 4113 1007 4166; x_wconf 90' lang='lat' dir='ltr'>vi</span> <span class='ocrx_word' id='word_1_357' title='bbox 1022 4112 1130 4167; x_wconf 88' lang='lat' dir='ltr'>accitur</span> <span class='ocrx_word' id='word_1_358' title='bbox 1141 4112 1205 4179; x_wconf 80' lang='lat' dir='ltr'>eod,</span> <span class='ocrx_word' id='word_1_359' title='bbox 1221 4092 1305 4163; x_wconf 63' lang='lat' dir='ltr'>meod</span> 
     </span>
    </p>
   </div>
   <div class='ocr_carea' id='block_1_5' title="bbox 145 4182 1302 4452">
    <p class='ocr_par' dir='ltr' id='par_1_7' title="bbox 145 4182 1302 4452">
     <span class='ocr_line' id='line_1_37' title="bbox 145 4182 1302 4275; baseline -0.01 -13"><span class='ocrx_word' id='word_1_360' title='bbox 145 4207 215 4262; x_wconf 81' lang='lat' dir='ltr'>Scol.</span> <span class='ocrx_word' id='word_1_361' title='bbox 238 4237 266 4244; x_wconf 81' lang='lat'>·-</span> <span class='ocrx_word' id='word_1_362' title='bbox 293 4206 335 4274; x_wconf 85' lang='grc'>14)</span> <span class='ocrx_word' id='word_1_363' title='bbox 355 4205 530 4275; x_wconf 82' lang='lat' dir='ltr'>inperfictam</span> <span class='ocrx_word' id='word_1_364' title='bbox 550 4205 605 4258; x_wconf 83' lang='lat' dir='ltr'>cod.</span> <span class='ocrx_word' id='word_1_365' title='bbox 625 4236 658 4243; x_wconf 92' lang='lat'>-</span> <span class='ocrx_word' id='word_1_366' title='bbox 679 4205 722 4272; x_wconf 87' lang='grc'>15)</span> <span class='ocrx_word' id='word_1_367' title='bbox 741 4221 792 4272; x_wconf 87' lang='lat' dir='ltr'>pro</span> <span class='ocrx_word' id='word_1_368' title='bbox 810 4204 861 4258; x_wconf 73' lang='lat' dir='ltr'>ine.</span> <span class='ocrx_word' id='word_1_369' title='bbox 875 4202 948 4256; x_wconf 80' lang='lat' dir='ltr'>Moe.</span> <span class='ocrx_word' id='word_1_370' title='bbox 968 4207 1064 4256; x_wconf 76' lang='lat' dir='ltr'>contra</span> <span class='ocrx_word' id='word_1_371' title='bbox 1079 4202 1136 4257; x_wconf 84' lang='lat' dir='ltr'>cod.</span> <span class='ocrx_word' id='word_1_372' title='bbox 1152 4233 1181 4240; x_wconf 95' lang='lat'><em>-</em></span> <span class='ocrx_word' id='word_1_373' title='bbox 1199 4182 1302 4267; x_wconf 64' lang='lat' dir='ltr'>ld)c1&#39;⁸&#39;it</span> 
     </span>
     <span class='ocr_line' id='line_1_38' title="bbox 147 4270 1298 4363; baseline -0.009 -14"><span class='ocrx_word' id='word_1_374' title='bbox 147 4297 203 4350; x_wconf 68' lang='lat' dir='ltr'>coa.</span> <span class='ocrx_word' id='word_1_375' title='bbox 222 4326 254 4334; x_wconf 72' lang='lat'>-</span> <span class='ocrx_word' id='word_1_376' title='bbox 285 4296 326 4353; x_wconf 81' lang='lat' dir='ltr'>ru</span> <span class='ocrx_word' id='word_1_377' title='bbox 345 4294 456 4363; x_wconf 78' lang='lat' dir='ltr'>rogatio</span> <span class='ocrx_word' id='word_1_378' title='bbox 474 4309 523 4347; x_wconf 81' lang='lat' dir='ltr'>om.</span> <span class='ocrx_word' id='word_1_379' title='bbox 542 4294 598 4347; x_wconf 71' lang='lat' dir='ltr'>coa</span> <span class='ocrx_word' id='word_1_380' title='bbox 620 4324 651 4330; x_wconf 91' lang='lat'>--</span> <span class='ocrx_word' id='word_1_381' title='bbox 673 4293 716 4360; x_wconf 69' lang='lat' dir='ltr'>is&gt;</span> <span class='ocrx_word' id='word_1_382' title='bbox 735 4291 782 4345; x_wconf 71' lang='lat' dir='ltr'>se</span> <span class='ocrx_word' id='word_1_383' title='bbox 799 4290 896 4358; x_wconf 52' lang='lat' dir='ltr'>coam·</span> <span class='ocrx_word' id='word_1_384' title='bbox 914 4289 1082 4344; x_wconf 58' lang='lat' dir='ltr'>amaseam</span> <span class='ocrx_word' id='word_1_385' title='bbox 1100 4289 1191 4358; x_wconf 72' lang='lat' dir='ltr'>rupee</span> <span class='ocrx_word' id='word_1_386' title='bbox 1207 4286 1232 4340; x_wconf 81' lang='lat' dir='ltr'>n</span> <span class='ocrx_word' id='word_1_387' title='bbox 1247 4270 1298 4331; x_wconf 68' lang='grc'>111</span> 
     </span>
     <span class='ocr_line' id='line_1_39' title="bbox 146 4359 1295 4452; baseline -0.007 -14"><span class='ocrx_word' id='word_1_388' title='bbox 146 4383 180 4450; x_wconf 75' lang='lat' dir='ltr'>cf.</span> <span class='ocrx_word' id='word_1_389' title='bbox 198 4398 283 4451; x_wconf 70' lang='lat' dir='ltr'>supro</span> <span class='ocrx_word' id='word_1_390' title='bbox 296 4385 373 4452; x_wconf 78' lang='lat' dir='ltr'>p.28</span> <span class='ocrx_word' id='word_1_391' title='bbox 384 4382 499 4446; x_wconf 72' lang='lat' dir='ltr'>tanao.</span> <span class='ocrx_word' id='word_1_392' title='bbox 528 4381 633 4435; x_wconf 77' lang='lat' dir='ltr'>Paulus</span> <span class='ocrx_word' id='word_1_393' title='bbox 646 4382 752 4449; x_wconf 64' lang='lat'><em>12264:</em></span> <span class='ocrx_word' id='word_1_394' title='bbox 770 4377 878 4448; x_wconf 88' lang='lat' dir='ltr'>rupitia</span> <span class='ocrx_word' id='word_1_395' title='bbox 896 4378 1032 4431; x_wconf 89' lang='lat' dir='ltr'>damnum</span> <span class='ocrx_word' id='word_1_396' title='bbox 1051 4376 1161 4431; x_wconf 88' lang='lat' dir='ltr'>dederit</span> <span class='ocrx_word' id='word_1_397' title='bbox 1172 4359 1295 4444; x_wconf 62' lang='lat' dir='ltr'>signififfll</span> 
     </span>
    </p>
   </div>
   <div class='ocr_carea' id='block_1_6' title="bbox 0 0 1478 4996">
    <p class='ocr_par' dir='ltr' id='par_1_8' title="bbox 0 0 1478 4996">
     <span class='ocr_line' id='line_1_40' title="bbox 0 0 1478 4996; baseline 0 0"><span class='ocrx_word' id='word_1_398' title='bbox 0 0 1478 4996; x_wconf 95' lang='lat' dir='ltr'> </span> 
     </span>
    </p>
   </div>
  </div>
 </body>
</html>
