2954 5010
594 319 763 390 Superficies.
1178 324 1242 388 285

152 494 357 579 Exemplaria
380 495 570 578 littelrarum
593 496 808 580 rationalilum
824 495 1024 560 dominorum
1039 520 1092 562 nn.
1115 498 1118 583 Ι
1139 499 1283 581 scrip-11,
1297 514 1320 567 1,

61 606 181 680 tarum,
207 599 412 685 pertinenltes
435 601 475 664 ad
498 599 673 663 Adrastum
693 600 697 685 Ι
720 600 826 685 Augg.
851 623 904 664 nn.
921 601 1100 684 lib(ertum)
1124 604 1239 685 quibus

62 708 111 771 aci
134 709 326 790 permissum
349 707 392 770 sit
415 704 589 792 aedififlcare
611 706 680 770 loco
695 708 855 770 cannabae
876 705 880 790 Ι
900 707 1001 770 asolo
1019 706 1237 790 [uedefieiumq

61 812 140 876 iuris
165 812 215 876 sui
237 813 371 895 pecunia
387 821 398 882 11
416 834 483 890 sua,
506 814 705 894 prestaturus
729 807 889 876 solarilum
912 811 993 874 sicut
1016 812 1141 876 caeteri.
1163 818 1167 894 Ι
1252 830 1291 885 10,

151 916 262 982 Aelius
287 916 446 997 Achilles,
479 915 525 981 cl.
549 914 735 1001 Perpetulus
767 915 939 980 Flavianus
963 915 1129 1001 Eutychus
1152 917 1240 999 Epa·

61 1022 216 1105 phrodito
240 1044 297 1086 suo
320 1023 464 1086 salutem.
496 1026 500 1101 Ι
530 1020 667 1106 Tegulas
691 1044 798 1086 omnes
823 1025 855 1085 et
877 1021 1011 1104 inpensa
1030 1021 1035 1107 Ι
1055 1023 1093 1086 de
1115 1022 1239 1102 casulis,

63 1127 141 1191 item
167 1128 320 1192 cannabis
340 1128 344 1200 Ι
365 1131 397 1191 et
420 1127 570 1192 aedificiis
595 1127 716 1191 idoneis
739 1127 872 1210 adsigna
892 1129 895 1206 Ι
916 1126 1065 1206 Adrasto,
1089 1150 1240 1210 procura·

61 1231 127 1294 tori
148 1232 153 1314 Ι
174 1233 337 1296 columnae
360 1232 425 1296 divi
447 1231 559 1310 Marci,
583 1234 619 1293 ut
633 1238 645 1311 ΙΙ
660 1231 699 1294 ad
724 1231 921 1313 voluptatem
945 1253 1035 1294 suam
1056 1231 1291 1314 hospiitiumno.

61 1336 126 1400 sibi
150 1341 309 1417 exstruat,
342 1337 425 1421 quod
448 1340 485 1399 ut
512 1334 516 1421 Ι
547 1335 664 1398 habeat
691 1335 740 1398 sui
763 1335 841 1398 iuris
865 1339 897 1399 et
920 1335 959 1398 ad
982 1334 1111 1399 heredes
1134 1340 1240 1399 trans-

60 1441 185 1506 mIttat.
211 1481 250 1489 —
273 1439 278 1529 Ι
297 1443 436 1508 Litterae
459 1442 553 1506 datae
567 1439 648 1507 VIII
670 1441 741 1505 idus
762 1443 766 1523 Ι
787 1439 872 1526 Aug.
889 1440 1010 1506 Romae
1032 1440 1168 1506 Falcone
1192 1442 1237 1526 etl

62 1546 160 1612 Olaro
183 1547 272 1634 eos!

152 1652 264 1718 Aelius
280 1650 434 1730 Achilles,
459 1649 505 1715 (11.
522 1649 708 1738 Perpetulus
724 1650 898 1715 Flavianus
914 1649 1080 1734 Eutychus
1097 1648 1237 1736 Aquillio

61 1756 174 1822 Felici.
199 1796 239 1805 -
270 1756 430 1822 Hadrasto
461 1754 546 1840 Aug.
570 1754 626 1820 lib.
654 1762 666 1831 ΙΙ
689 1756 729 1819 ad
751 1755 928 1820 aedificium
958 1757 1042 1840 quod
1065 1755 1235 1842 custodiae
1252 1771 1285 1822 30

63 1884 163 1928 causa
185 1864 350 1927 columnae
372 1858 580 1929 oentelnariae
602 1862 736 1944 pecunia
758 1884 816 1926 sua
838 1859 1064 1948 exstruolturus
1088 1866 1145 1941 est,
1169 1863 1235 1947 tig-

57 1990 177 2032 norum
210 1969 304 2034 vehes
332 1966 336 2054 Ι
364 1969 484 2047 decem,
509 1968 621 2051 quanti
652 1967 727 2032 fisco
756 1966 987 2053 constilterunt,
1010 1989 1083 2031 eum
1105 1971 1236 2050 pontem

61 2067 201 2138 neceslse
222 2072 287 2137 fuit
309 2075 481 2159 compingi,
505 2074 642 2158 petimus
662 2070 667 2161 Ι
688 2074 763 2139 dare
778 2074 897 2138 iubeas.
913 2073 1112 2138 -Litterae
1130 2071 1236 2158 datacl

59 2176 162 2242 XIIII
184 2178 247 2243 kal.
272 2177 357 2263 Sept.
381 2178 503 2244 Romae
525 2178 661 2246 Falcone
684 2185 716 2244 et
739 2180 833 2246 Claro
856 2201 918 2243 cos.
937 2187 947 2250 ΙΙ

152 2282 338 2350 Rationales
367 2283 438 2350 Seio
461 2283 632 2369 Superstii
652 2284 657 2371 Ι
677 2290 709 2350 et
731 2284 832 2349 Fabio
855 2284 984 2368 Magne.
1010 2323 1050 2330 -
1075 2281 1293 2370 Procura-lso,

62 2393 117 2452 tor
140 2388 318 2456 columnae²
342 2391 541 2456 centenariae
561 2392 566 2473 Ι
587 2390 652 2455 divi
674 2390 785 2469 Marci,
812 2393 973 2455 exstruere
995 2387 1238 2474 habiltationem

62 2495 98 2558 in
123 2481 331 2560 conterminis
351 2493 357 2581 Ι
376 2495 454 2560 locis
476 2496 590 2576 iussus,
621 2519 699 2581 opus
723 2493 945 2581 adgrediatur,
969 2494 996 2557 si
1018 2495 1240 2558 auctoritatem

61 2598 214 2686 vesjtram
238 2602 403 2685 acceperit.
448 2599 590 2665 Petimus
610 2600 614 2685 Ι
635 2601 735 2685 igitur
759 2622 881 2677 aream,
914 2621 1010 2681 quam
1034 2599 1241 2663 demonstra-

61 2705 148 2768 verit
170 2703 327 2770 Adrastus
350 2706 513 2791 liblertus)
532 2719 542 2782 11
560 2708 680 2772 domini
702 2707 844 2790 n(ostri)‚
869 2705 1031 2790 adsignari
1051 2706 1079 2769 ei
1094 2705 1240 2785 iubeatis‚
1252 2725 1294 2776 50.

62 2814 266 2894 praestatum
298 2812 468 2877 secuudum
495 2811 499 2898 Ι
521 2813 700 2896 exemplum
722 2816 899 2876 ceterorum
922 2811 1082 2875 solarium.
1107 2849 1149 2856 —
1172 2811 1240 2874 Iit-

61 2919 150 2980 terae
183 2917 275 2981 datae
301 2928 311 2991 11
335 2915 399 2982 VII
421 2918 492 2982 idus
516 2917 603 3003 Sept.
627 2917 765 2996 Romae;
797 2915 949 3004 redldItae
971 2915 1038 2981 HII
1059 2917 1129 2981 idus
1153 2915 1239 3000 Sept.

60 3019 185 3086 Romae
204 3022 209 3105 Ι
228 3023 328 3087 isdem
348 3045 409 3088 cos.
430 3021 435 3110 Ι

520 3250 676 3322 CAPUT
704 3252 787 3324 XII.

65 3404 384 3489 certamimis
419 3405 1067 3611 Auffllilriiffidmmmm
1095 3405 1241 3486 ΑΙ.ΙΑΕ-

171 3704 200 3768 1.
224 3703 281 3768 Ex
303 3704 595 3769 institutione
619 3704 898 3768 alimentaria
922 3702 1134 3769 Traiani³

344 3866 369 3907 a.
394 3851 499 3907 Tabula
518 3852 624 3907 velatas
651 3867 679 3908 a.
705 3845 842 3912 1031112
865 3868 895 3928 p.
921 3843 972 3909 a*

153 3966 317 4052 Obligatio
340 3969 541 4051 praediorum
565 3967 606 4030 ob
628 3965 683 4031 HS
707 3967 829 4032 deciens
854 3968 1067 4053 quadraginta
1086 3971 1238 4052 quattuor

64 4077 157 4141 milia
180 4073 370 4158 (1044000),
395 4078 431 4137 ut
454 4097 492 4138 ex
514 4073 714 4157 indulgentia
736 4073 849 4157 optimi
871 4073 1065 4156 maximique
1087 4071 1240 4155 principis

60 4191 272 4200 --—---—-

133 4232 161 4298 1)
183 4229 247 4283 Tale
263 4229 391 4298 111111ιί1111
407 4234 456 4282 aut
474 4230 634 4298 coqeeauoae
650 4227 825 4297 supplendum
844 4235 881 4283 est
898 4235 948 4284 aut
965 4228 1139 4282 inserendum.
1158 4258 1193 4267 —-
1212 4227 1240 4297 2)

60 4319 201 4374 columna.
222 4347 251 4354 -
274 4316 301 4385 3)
320 4318 380 4371 Iam
389 4317 507 4371 Neruam
525 4318 708 4386 imperatorem
721 4316 828 4385 puellas
847 4332 1001 4386 puerosque
1020 4317 1101 4370 natos
1115 4315 1240 4384 parenti-

60 4407 112 4461 bus
141 4403 275 4475 egestosis
300 4408 415 4475 sumptu
444 4404 555 4474 publico
581 4422 631 4475 per
650 4404 751 4459 Italiae
773 4403 877 4474 oppida
896 4404 935 4459 ali
953 4405 1060 4458 iussisse
1078 4404 1147 4458 Aur.
1174 4404 1240 4460 Ve'et.
