2954 5010
147 321 211 386 398
655 313 797 369 Boethius.

147 498 270 559 merata
302 513 428 578 quoque
459 490 593 574 pecunia
616 492 758 552 autnon
782 487 908 570 integre
930 490 1100 550 numerata
1123 509 1185 571 pro
1209 491 1328 572 tempo·

106 665 109 671 Δ
150 600 235 663 raria
259 599 425 663 voluntate
447 595 614 660 hominum
637 593 733 658 scribi
756 591 860 656 solent
884 613 972 656 more
994 593 1214 676 institutoque
1237 591 1329 657 Grae

149 727 268 768 corum.
315 702 359 767 Et
391 706 513 766 ceterae
545 699 656 764 tabula
685 699 726 762 ab
749 721 813 761 una
835 701 926 780 parte
956 698 1077 762 servari
1101 698 1228 777 solent,
1260 721 1331 782 syn·

149 809 296 895 graphen
325 807 491 891 utriusque
523 827 620 869 manu
654 803 840 888 [signatam]
865 804 993 887 utrique
1016 803 1104 887 parti
1125 803 1330 868 servandam¹

147 915 291 979 tradunt.
338 913 443 993 (184.)

236 1017 351 1101 5114.
401 1015 627 1101 ‘Posteaquam
657 1015 707 1079 ius
736 1013 931 1098 praetorium
966 1015 1133 1095 constitit,'
1167 1053 1212 1062 —
1245 1018 1331 1099 quasi

151 1125 285 1189 diceret:
307 1125 380 1206 post
403 1123 563 1187 conditam
586 1121 698 1185 urbem
721 1118 867 1198 Romam,
891 1123 963 1183 aut:
986 1123 1061 1202 post
1081 1119 1255 1185 hominum
1270 1144 1332 1186 me·

149 1229 293 1306 moriam,
322 1250 360 1291 ex
385 1249 447 1312 quo
471 1228 590 1291 estius
614 1226 819 1311 praetorium.
864 1222 971 1308 (190.)

241 1335 257 1417 ἓ
284 1335 356 1397 114.
401 1333 472 1398 Lis
495 1332 785 1397 vindiciarum
808 1334 865 1409 est,
894 1352 965 1394 cum
989 1330 1141 1414 litigatur
1166 1332 1205 1396 de
1229 1352 1266 1395 ea
1288 1354 1329 1412 re,

154 1439 242 1502 cuius
267 1438 349 1522 apud
373 1441 552 1521 praetorem
574 1434 747 1501 incertum²
772 1439 820 1500 est
846 1436 917 1520 quis
940 1435 1053 1500 debeat
1069 1458 1332 1520 essepossess013

153 1547 187 1608 et
209 1544 290 1622 ideo,
313 1543 366 1626 qui
392 1565 462 1607 eam
484 1547 581 1621 tenet,
606 1542 661 1606 dat
682 1564 741 1625 pro
763 1541 879 1626 praede
901 1541 967 1605 litis
990 1541 1205 1606 vindiciarum
1225 1544 1331 1608 adrer-

155 1647 238 1713 sario
263 1670 335 1728 suc,
369 1670 431 1732 quo
465 1648 514 1711 iili
543 1648 719 1713 satisfaciat
748 1648 831 1712 nihil
860 1671 894 1712 se
916 1647 1053 1712 deterius
1076 1649 1110 1712 in
1135 1650 1331 1732 possessione

151 1752 329 1830 facturum,
362 1751 400 1815 de
423 1774 486 1836 qua
508 1753 650 1837 iurgium
673 1755 765 1831 esset,
797 1773 907 1816 rursus
930 1753 1100 1836 sponsione
1123 1754 1197 1839 ipse
1219 1776 1331 1839 provo·

150 1861 241 1922 catur
273 1857 313 1921 ab
346 1856 525 1920 adversario
556 1860 677 1920 certare
708 1877 851 1941 pugnam
881 1860 938 1920 aut
967 1858 1223 1939 aestimationis,
1260 1860 1329 1944 quid

151 1963 281 2026 amittat
303 1962 339 2025 ni
360 1984 418 2025 sua
441 1961 484 2026 sit
506 1961 676 2040 hereditas,
699 1963 738 2026 de
760 1985 824 2046 qua
846 1960 1036 2027 contendit³.
1076 1962 1240 2029 ‘Praedes'
1257 1985 1327 2050 ergo

152 2067 302 2131 dicuntur
325 2066 530 2130 satisdatores
553 2067 726 2150 locupletes
749 2088 808 2150 pro
830 2089 874 2147 re,
898 2067 936 2132 de
959 2090 1022 2151 qua
1039 2069 1126 2152 apud
1142 2069 1281 2134 iudicem
1294 2069 1328 2132 lis

152 2177 210 2252 est,
233 2195 273 2236 ne
288 2173 410 2236 interea
427 2173 482 2255 qui
498 2175 585 2236 tenet
601 2172 748 2236 diffidens
764 2194 877 2238 causae
894 2173 1124 2257 possessionem
1143 2174 1327 2239 deteriorem

154 2277 261 2358 faciat,
285 2281 370 2342 tecta
392 2276 533 2361 dissipet,
559 2278 683 2342 excidat
706 2277 834 2342 arbores
859 2281 891 2343 et
914 2277 999 2342 culta
1022 2278 1158 2343 deserat.
1206 2279 1310 2363 (191.)

240 2383 257 2466 ᾗ
285 2384 356 2447 142.
403 2383 521 2448 Bona
554 2384 737 2467 praedia
767 2384 916 2448 dicuntur
949 2384 1033 2448 bona
1067 2383 1325 2449 satisdationibus

152 2489 300 2568 obnoxia,
325 2489 391 2552 sive
411 2488 476 2553 sint
501 2490 534 2553 in
550 2489 728 2572 mancipiis,
753 2488 818 2553 sive
833 2488 868 2551 in
883 2487 1017 2573 pecunia
1031 2493 1220 2553 numerata:
1242 2511 1325 2574 prae·

150 2594 202 2658 dia
236 2616 310 2659 vero
333 2594 461 2672 domus,
491 2596 571 2679 agri.
617 2594 705 2658 Haec
727 2595 835 2658 omnia
857 2594 1046 2672 venduntur,
1078 2594 1106 2658 si
1130 2595 1252 2660 rationi
1273 2617 1325 2678 pu·

151 2699 253 2764 blicae
276 2700 398 2763 locator
421 2703 580 2763 sartorum
602 2702 759 2763 tectorum
781 2721 846 2763 non
869 2699 1077 2783 responderit.
1113 2697 1170 2764 Ad
1192 2700 1255 2765 hoc
1276 2721 1326 2764 au·

154 2810 220 2870 tem
243 2809 316 2870 ante
340 2805 418 2869 haec
441 2805 549 2869 omnia
571 2809 646 2868 sunt
669 2804 817 2884 obnoxia,
845 2809 881 2869 ut
903 2827 962 2888 pro
984 2827 1042 2870 sua
1064 2806 1236 2871 voluntate
1259 2807 1325 2890 agat

154 2912 334 2994 redemptor
356 2909 470 2994 operis,
494 2909 644 2994 quicquid
666 2931 724 2973 suo
739 2910 879 2993 periculo
893 2909 980 2974 facit.
1005 2910 1115 2993 (176.)
1148 2909 1325 2975 Praedia

153 3020 228 3080 sunt
250 3038 300 3079 res
322 3015 423 3099 ipsae,
446 3015 620 3099 praedes
642 3014 803 3094 homines,
825 3014 858 3079 id
881 3019 929 3079 est
951 3013 1170 3095 fideiussoreS,
1196 3036 1325 3100 quorum

151 3143 201 3184 res
236 3121 331 3185 ‘bona
365 3120 503 3202 praedia’
537 3142 600 3183 uno
632 3119 761 3184 nomine
783 3118 957 3185 dicuntur⁴.
1003 3120 1110 3202 (196.)

327 3346 384 3412 Vl.
405 3291 639 3413 'Bonrfflus
662 3345 711 3411 IN
734 3344 962 3411 CICERONIS
985 3344 1175 3412 romola

241 3511 278 3554 ec
300 3490 319 3554 l.
344 3496 364 3555 1
388 3491 432 3554 ud
454 3511 476 3554 c.
499 3496 531 3569 2,
545 3497 596 3556 10.
643 3489 792 3554 Faciendi
814 3489 907 3554 liberi
929 3494 993 3554 tres
1017 3492 1094 3552 sunt
1117 3495 1247 3574 partes:
1270 3509 1326 3553 una

152 3594 296 3677 quidem,
328 3599 365 3658 ut
396 3617 491 3658 censu
519 3594 600 3658 liber
627 3594 687 3671 sit3
720 3594 929 3658 censebantur
959 3594 1044 3657 enim
1068 3595 1252 3679 antiquitus
1274 3592 1325 3659 soli

152 3729 359 3738 u——n-u--u——n

240 3786 266 3854 1)
285 3786 356 3841 solet
376 3786 538 3856 syngrapha
557 3784 737 3853 neutriusque
756 3802 842 3838 manu
862 3784 973 3854 utrique
984 3785 1064 3854 parti
1077 3787 1253 3842 seruandum
1262 3787 1325 3841 labri.

151 3903 186 3912 —-
216 3874 242 3939 2)
270 3876 377 3927 certum
404 3874 474 3928 libri.
502 3904 536 3914 -
562 3873 923 3943 dilaceremus-l)
944 3873 1031 3928 Sobel.
1052 3875 1232 3931 Rodiensis
1250 3892 1287 3930 or.
1301 3891 1326 3944 p.

152 3961 255 4015 Flacco
274 3961 332 4029 (Or.
347 3979 376 4030 p.
395 3966 476 4024 244).·
494 3961 614 4016 Praedia
632 3991 666 4000 -—
684 3977 756 4029 quae
774 3961 834 4014 iure
852 3960 980 4030 legitimo
999 3979 1056 4017 uon
1074 3963 1229 4028 habentur,
1247 3978 1328 4032 neque

154 4049 226 4117 aput
246 4048 386 4102 aerarium
406 4048 564 4116 subsignari
584 4065 673 4117 neque
693 4051 763 4117 aput
780 4065 920 4103 censorem
940 4052 1065 4118 possunt.
1094 4050 1134 4104 Et
1146 4048 1328 4122 subsignaudi

151 4137 221 4191 haec
240 4136 348 4191 solebat
369 4136 449 4206 [esse]
470 4153 560 4201 causa,
582 4137 637 4206 [ut]
656 4138 707 4190 aut
726 4136 774 4204 qui
792 4136 947 4204 vectigalia
963 4136 1126 4201 redimeret,
1147 4142 1200 4193 aut
1218 4139 1267 4208 qui
1284 4154 1327 4208 pro

154 4223 283 4293 mancipe
303 4223 485 4293 vectigalium
506 4224 590 4278 fidem
608 4242 687 4278 suam
705 4224 905 4293 interponeret,
925 4224 985 4279 loco
1004 4224 1134 4295 pigneris
1147 4227 1267 4297 praedia
1283 4242 1327 4280 sua

155 4310 195 4364 rei
214 4311 344 4379 publicae
362 4311 530 4380 obligarent,
549 4311 642 4380 quoad
660 4329 769 4366 omnem
782 4310 930 4380 pecuniam
940 4311 1137 4381 redemptores
1151 4315 1326 4386 vecttgalium

153 4403 342 4471 repensarent.
381 4398 422 4469 Cf.
452 4399 525 4455 Fert.
553 4417 693 4472 manceps.
719 4429 755 4441 -
783 4402 809 4470 b)
835 4399 976 4455 decennus
998 4400 1135 4458 Bottba'as
1158 4403 1328 4477 pausam
