2940 4996
143 257 206 321 410
665 254 794 311 Isidorus.

142 432 344 498 Libertorum
374 437 480 498 autem
510 432 571 496 filii
601 433 686 516 apud
714 433 863 518 antiquos
889 433 1031 498 libertini
1059 434 1313 518 appellabantur,

145 538 237 621 quasi
259 541 297 603 dc
319 538 443 604 libertis
466 538 543 602 nati.
579 536 674 602 Nunc
695 560 770 602 vero
785 537 954 604 libertinus
970 543 1026 604 aut
1041 563 1060 605 a
1074 539 1192 605 liberto
1214 540 1314 604 factus

143 646 199 707 aut
213 642 402 729 possessus.¹
435 644 487 707 48.
510 642 794 707 Manumissus
816 643 932 707 dicitur
955 644 1046 728 quasi
1061 667 1160 708 manu
1175 644 1314 709 emissus.

142 747 237 832 Apud
271 753 390 814 veteres
422 748 523 827 enim,
556 748 702 832 quotiens
725 749 1003 828 manumittebant‚
1037 749 1132 832 alapa
1153 770 1314 834 percussos

144 853 402 938 circumagebant
425 856 457 917 ct
478 852 595 916 liberos
618 852 877 918 confirmabant.2

213 958 258 1023 IX
272 959 302 1037 4,
313 961 365 1023 49.
389 959 601 1024 Dediticii
617 959 755 1042 primum
767 982 786 1023 a
798 960 956 1026 deditione
971 963 1046 1026 sunt
1058 959 1236 1042 nuncupati
1249 996 1297 1023 -.

143 1066 194 1128 51.
218 1063 367 1128 Latini
390 1067 464 1128 ante
487 1062 622 1128 Romam
645 1065 806 1129 conditam
829 1067 911 1149 apud
933 1065 1064 1131 Latinos
1079 1065 1212 1144 fiebant,
1236 1086 1313 1128 nun·

148 1192 244 1253 quam
266 1191 323 1252 per
345 1173 581 1248 testamentum,
605 1169 658 1234 sed
681 1192 738 1255 per
761 1171 928 1253 epistulam
951 1171 1132 1235 libertatem
1147 1173 1312 1234 sumentes.

141 1273 219 1338 Inde
235 1275 310 1359 quia
325 1296 380 1357 per
396 1276 620 1339 testamentum
638 1296 700 1339 non
717 1274 847 1353 fiebant,
862 1296 920 1340 nec
936 1298 973 1340 ex
989 1277 1182 1340 testamento
1199 1272 1312 1358 aliquid

143 1402 253 1464 capere
285 1402 341 1444 nec
368 1401 441 1443 suos
464 1379 593 1444 heredes
615 1380 718 1444 facere
740 1383 906 1463 poterant,
939 1381 1021 1444 cives
1043 1378 1184 1443 Romani
1206 1381 1310 1462 postea

146 1485 205 1549 sub
232 1483 413 1548 consulibus
445 1505 502 1568 per
530 1486 721 1548 testamenta
751 1485 785 1547 in
814 1485 893 1549 urbe
925 1482 1071 1548 Romana
1106 1483 1210 1548 effecti
1233 1486 1310 1546 sunt.

146 1591 197 1655 52.
221 1589 309 1655 Dicti
331 1594 436 1655 autem
462 1589 576 1654 cives
599 1587 783 1669 Romani,
809 1591 884 1673 quia
899 1591 1091 1655 testamento
1107 1587 1201 1651 liberi
1215 1587 1310 1651 effecti

144 1695 177 1758 in
200 1716 368 1758 numerum
391 1692 610 1759 Romanorum
633 1694 749 1758 civium
771 1695 970 1779 rediguntur.
1017 1691 1077 1756 His
1093 1693 1234 1776 primum
1249 1692 1308 1755 adi-

143 1804 196 1863 tus
220 1803 289 1863 erat
310 1799 343 1862 in
367 1800 445 1864 urbe
467 1799 570 1864 Roma
593 1799 791 1879 commorari,
814 1798 943 1864 ceteris⁴
966 1801 1072 1862 autem
1096 1797 1222 1861 libertis
1243 1819 1308 1881 pro·

140 1902 326 1984 hibebatur,
357 1904 469 1969 nevel
500 1905 534 1968 in
557 1903 635 1968 urbe
658 1901 761 1967 Roma
783 1903 833 1967 vel
856 1904 943 1967 intra
964 1900 1152 1985 septimum⁴
1177 1901 1218 1965 ab
1240 1901 1307 1964 urbe

143 2007 316 2072 miliarium
338 2012 584 2072 commanerent.

226 2111 255 2176 X
283 2112 356 2177 258.
402 2110 629 2197 Stipulare
665 2112 918 2196 -promittere
950 2116 999 2177 cst
1030 2134 1069 2177 ex
1098 2112 1205 2176 verbis
1237 2111 1304 2175 iuris

142 2220 326 2303 peritorum.

227 2325 258 2389 X
284 2325 357 2389 260.
393 2323 440 2389 Se
451 2347 470 2407 q
482 2328 627 2388 uester
645 2324 770 2404 dicitur,
794 2324 849 2408 qui
865 2324 1061 2388 certantibus
1077 2325 1199 2389 medius
1215 2326 1303 2389 inter·

141 2431 239 2511 venit,
272 2431 327 2515 qui
355 2432 438 2514 apud
466 2428 599 2495 Graecos
623 2429 639 2491 ὁ
666 2428 759 2512 μέσος
790 2429 920 2508 dicitur,
954 2429 1037 2512 apud
1061 2451 1156 2512 quem
1178 2430 1302 2514 pignora

143 2537 257 2620 deponi
280 2536 399 2613 solent3
431 2536 515 2619 quod
536 2535 723 2600 vocabulum
746 2557 766 2599 a
788 2535 946 2619 sequendo
976 2534 1098 2598 factum
1130 2538 1196 2613 est,
1230 2533 1301 2618 quod

143 2642 227 2715 eine,
261 2642 316 2724 qui
339 2640 455 2704 electus
478 2639 536 2717 sit,
559 2643 695 2723 utraque
716 2660 790 2722 pars
812 2638 908 2702 fidem
929 2638 1109 2722 sequatur.⁶

229 2743 330 2824 XII,
356 2744 406 2808 67.
452 2745 616 2808 Dextra
646 2747 778 2808 vocatur
811 2743 965 2821 adand0‚
997 2744 1068 2827 ipsa
1091 2745 1177 2808 enim
1198 2746 1300 2829 pignus

144 2849 231 2932 pacis
254 2850 358 2928 datur,
381 2850 451 2933 ipsa
472 2849 546 2914 fidei
569 2850 659 2914 testis
682 2853 778 2931 atque
800 2848 913 2912 salutis
932 2848 1121 2926 adhibetur;
1144 2852 1177 2913 et
1192 2849 1250 2912 hoc
1262 2849 1299 2911 est

143 2953 222 3016 illud
254 2954 337 3037 apud
360 2953 536 3017 Tulliuml:
572 2953 676 3018 ‘fidem
705 2952 865 3036 publicam
895 2953 984 3016 iussu
1006 2956 1135 3017 senatus
1158 2952 1246 3030 dedu,
1273 2949 1297 3012 id

143 3063 190 3122 est
212 3058 383 3123 dextram⁷.

227 3162 289 3228 XV
313 3167 343 3243 2,
372 3165 400 3228 8.
447 3163 616 3228 Civitas
639 3162 766 3246 proprie
789 3162 921 3241 dicitur,
955 3183 1051 3246 quam
1075 3185 1140 3227 non
1164 3165 1292 3235 advenae,

144 3309 344 3317 -.-1-—.-...,..„-.

214 3377 237 3441 1)
258 3374 299 3443 Cf.
314 3374 386 3428 Snct.
400 3372 494 3427 Claud.
507 3376 558 3425 24:
577 3372 679 3425 Latum
697 3371 808 3425 clavum
828 3402 859 3409 -
879 3370 966 3424 etiam
985 3369 1112 3424 libertini
1131 3371 1189 3425 filio
1201 3366 1292 3423 tribuit:

142 3495 172 3502 -
194 3480 225 3516 ac
248 3493 279 3500 -
301 3459 542 3530 reprehensionem
561 3475 659 3512 verens
676 3460 705 3512 et
725 3458 847 3527 Appium
860 3457 978 3511 Caecum
999 3474 1139 3513 censorem
1153 3489 1182 3497 -
1206 3450 1291 3510 liberti·

144 3567 241 3604 norum
262 3548 333 3601 filios
357 3547 385 3599 in
405 3547 534 3598 senatum
562 3544 700 3610 adlegisse
726 3543 821 3598 docuit
839 3543 955 3611 ignarus
979 3545 1153 3614 temporibus
1175 3541 1250 3615 Appii
1270 3539 1290 3592 cl

143 3637 274 3705 deinceps
293 3634 469 3703 aliquamdiu
487 3631 634 3686 libertinos
653 3631 740 3686 dictos
760 3649 816 3686 non
834 3631 915 3699 ipsos,
939 3632 987 3700 qui
1006 3649 1092 3687 manu
1111 3631 1289 3688 emitterentur,

142 3725 189 3778 sed
209 3725 345 3791 ingenuos
364 3740 396 3776 ex
412 3721 454 3775 his
467 3723 634 3790 procreatos.
653 3749 688 3758 -
707 3720 733 3789 2)
752 3720 855 3773 Eodem
875 3720 1151 3775 cuncticreantis
1162 3721 1229 3773 Pers.
1240 3715 1288 3781 5‚75·

143 3813 184 3879 Cf.
205 3811 233 3865 0.
253 3813 353 3877 8‚49,6:
380 3807 627 3862 circumductiones
647 3806 855 3861 inextricabiles
874 3808 903 3860 ot
920 3806 1057 3862 iniuriosa
1076 3808 1248 3878 rhapismata.
1265 3826 1287 3836 ³

141 3902 168 3968 3)
188 3899 304 3952 Meliora
323 3897 397 3951 dabo
412 3896 472 3950 dat.
486 3899 616 3963 1,13-15.
636 3925 671 3934 -
690 3897 715 3959 4)
736 3895 777 3963 Of.
797 3895 859 3949 Gai.
872 3897 984 3962 1‚26.27.
1003 3924 1037 3932 -
1057 3896 1085 3963 5)
1104 3894 1144 3962 Cf.
1164 3888 1288 3948 sarona·

144 3991 241 4051 11,133.
279 3985 344 4039 Gall.
364 3988 458 4050 20‚11:
488 3983 614 4036 sculnam
638 3983 721 4049 volgo
740 3981 794 4035 dici
815 3981 894 4050 quasi
913 3981 1064 4045 seculnam,
1092 3998 1172 4050 quem
1191 3978 1232 4048 qui
1247 3973 1286 4027 clu

141 4074 257 4141 gantius
276 4104 308 4112 -
330 4072 482 4141 loquuntur
501 4072 670 4139 sequestrem
684 4069 839 4138 appellant.
876 4069 1032 4136 Utrumque
1051 4068 1213 4123 vocabulum
1229 4081 1243 4116 a
1257 4075 1285 4112 uu

141 4161 251 4231 quondo
273 4161 380 4214 factum
400 4161 448 4221 est,
468 4159 540 4227 quod
560 4158 624 4221 eius,
645 4157 693 4226 qui
711 4159 816 4211 electus
835 4157 879 4221 sit,
901 4160 1021 4225 utraque
1039 4174 1104 4225 pars
1123 4156 1201 4209 fidem
1213 4163 1285 4217 sequa·

142 4253 197 4302 tur.
234 4249 272 4302 D.
290 4250 435 4314 50,16,110.
463 4247 580 4312 Mothcr,
600 4245 799 4314 chmstrotioa
816 4249 925 4311 §1-15.
946 4277 976 4284 -
999 4244 1026 4314 6)
1047 4244 1109 4311 Oia,
1130 4243 1204 4297 Catu
1217 4235 1284 4291 llll·

144 4368 172 4374 -
194 4339 221 4404 r)
245 4335 288 4404 cf.
308 4334 380 4389 Sero.
400 4335 467 4388 Aeo.
486 4336 572 4400 3,607.
