2954 5010
608 242 728 301 Servius.
1189 248 1251 314 401

78 419 118 486 In
142 444 204 506 quo
226 421 344 486 iudicio
373 442 438 485 non
464 423 592 485 tantum
621 421 698 484 boni
719 423 836 484 natura
857 419 994 503 spectari
1017 420 1114 500 solet,
1143 443 1254 486 verum

82 527 181 591 etiam
203 528 400 611 comparatio
422 527 580 592 bonorum
602 526 657 605 fit,
690 529 812 590 utnon
834 528 902 588 tam
925 525 1009 608 quod
1031 525 1168 605 bonum,
1202 526 1255 591 sed

82 631 168 716 quod
190 631 304 696 melius
327 633 521 717 aequiusque
543 637 601 711 eet,
623 631 656 696 id
678 631 873 716 sequendum
895 627 964 694 sit¹.
1010 630 1115 712 (378.)

339 805 414 872 Vll.
448 805 634 873 SERVIUS
656 805 706 873 IN
729 804 1003 873 Vnuelnlumu

542 947 571 1002 Α.
603 947 629 1002 ln
648 945 801 1002 Aeneidem.

169 1053 206 1134 1,
229 1052 281 1119 41.
326 1051 398 1117 Hoe
425 1052 559 1117 interest
590 1052 676 1117 inter
704 1072 853 1116 noxam
886 1056 918 1116 et
948 1053 1135 1134 noxiam,
1169 1055 1254 1139 quod

79 1158 177 1222 noxia
206 1157 300 1241 eulpa
331 1161 396 1238 est,
426 1178 510 1221 noxa
539 1160 646 1221 autem
668 1177 778 1240 poena.
826 1154 963 1232 Quidam
985 1179 1069 1222 noxa
1091 1181 1173 1243 quae
1194 1181 1253 1223 no·

80 1264 158 1343 uuit,
181 1263 277 1327 noxia
298 1262 331 1327 id
354 1261 438 1347 quod
461 1262 603 1326 nocitum
625 1258 811 1344 accipiere.

172 1369 201 1447 1,
224 1366 299 1432 237.
344 1365 371 1430 P
382 1366 612 1431 ollioemur
635 1369 757 1450 sponte,
781 1366 887 1450 rogati
909 1367 1210 1451 promittimus.

169 1472 207 1552 l,
239 1471 313 1536 256.
358 1469 525 1536 Sciendum
558 1471 748 1535 osculum
780 1469 944 1555 religionis
974 1494 1057 1553 esse,
1090 1475 1255 1539 savium

79 1577 266 1661 voluptatis,
299 1575 443 1660 quamvis
467 1575 596 1659 quidam
619 1576 761 1639 osculum
783 1575 859 1640 filiis
882 1576 967 1658 dari,
999 1578 1092 1642 uxori
1117 1579 1252 1662 basium,

82 1688 187 1748 seorto
210 1683 334 1747 savium
356 1680 489 1746 dioent‘.

173 1789 202 1870 1,
218 1788 291 1854 346.
338 1786 503 1871 (Romani)
527 1786 610 1851 nihil
632 1785 694 1851 nisi
717 1786 852 1870 captatis
874 1785 1036 1851 faciebant
1057 1788 1200 1874 auguriis
1223 1792 1254 1853 et

78 1893 249 1978 praecipue
270 1891 427 1976 nuptiasl.

170 2001 199 2078 2,
226 1998 299 2063 102.
344 1995 418 2062 Uno
441 1996 581 2080 ordine]:
609 2018 673 2061 uno
695 2000 806 2075 reatu3
830 2000 862 2062 et
884 2001 932 2062 est
955 1997 993 2063 de
1015 1998 1147 2082 antiqua
1171 2002 1255 2064 trae·

80 2108 151 2169 tum
174 2103 318 2183 seientia,
341 2102 417 2186 quia
439 2103 473 2167 in
496 2103 638 2167 ordinem
662 2103 848 2167 dicebantur
871 2125 983 2168 causae
998 2107 1128 2187 propter
1143 2104 1255 2169 multi·

79 2209 222 2273 tudinem
246 2209 296 2273 vel
319 2207 494 2272 tumultum
516 2206 737 2287 festinantum‚
761 2230 833 2273 eum
848 2212 918 2273 eret
933 2230 1035 2272 annus
1051 2208 1166 2274 litium.
1200 2208 1254 2275 Iu·

78 2313 236 2379 venalis⁶z
270 2313 505 2398 ‘Expectandus
528 2312 608 2394 erit,
641 2312 697 2396 qui
719 2313 792 2378 lites
814 2311 944 2377 inchoet
966 2312 1087 2377 annus'.
1134 2311 1201 2398 (Of.
1227 2320 1254 2396 6,

80 2421 171 2502 431.)

168 2525 286 2605 2‚15o.
322 2522 524 2589 Consuetudo
547 2523 632 2609 apud
654 2523 803 2608 antiquos
825 2521 897 2602 fruit,
921 2525 958 2586 ut
981 2523 1036 2607 qui
1051 2522 1086 2586 in
1100 2521 1256 2588 familiam

153 2749 178 2819 1)
196 2748 241 2803 De
256 2749 306 2804 boe
319 2749 377 2803 loeo
394 2748 430 2818 of.
440 2748 604 2814 Beelmrann,
622 2747 782 2802 Dotalreebt
792 2750 860 2816 1,72.
889 2745 1028 2817 Gaudiana,
1040 2746 1201 2804 Dotalreebt
1211 2752 1255 2804 40.

81 2869 115 2878 —
144 2839 172 2908 2)
190 2837 288 2891 Manre'
313 2839 346 2905 (a
365 2835 464 2904 Marti)
483 2835 572 2890 Seruii
587 2836 726 2891 Honorati
740 2836 910 2906 qramrnatiei
925 2850 992 2890 enea
1014 2834 1067 2903 IV,
1090 2837 1138 2905 qni
1154 2853 1173 2890 a
1194 2835 1256 2891 Ma·

84 2927 182 2994 orobio,
201 2931 252 2980 eat.
272 2926 363 2992 1,2,15‚
383 2923 515 2978 ‘domnina
531 2923 671 2978 nirabrla'e’
690 2923 843 2992 appellatae
861 2922 908 2992 (ef.
926 2923 1018 2978 Aaron
1035 2924 1066 2977 in
1077 2923 1146 2978 Hor.
1164 2930 1214 2979 eat.
1232 2928 1255 2987 1,

82 3015 165 3081 9‚76)‚
183 3013 375 3081 anmliaer'rnrnn
396 3012 426 3065 in
449 3011 593 3080 Verminam
611 3011 827 3065 eornrnentorr'rnn
844 3010 879 3064 ab
897 3011 1115 3078 mmmatmmne
1132 3017 1157 3066 et
1174 3013 1255 3066 mter·

78 3101 249 3170 peierantes
273 3101 340 3154 rnire
362 3104 486 3153 neratnrn
509 3099 549 3152 ed.
573 3099 635 3153 Alb.
653 3098 740 3162 Dran,
770 3099 953 3152 mennentare‘e'
975 3099 1006 3152 r'n
1032 3099 1175 3168 Veryrte'nrn
1196 3097 1256 3154 Ser·

81 3189 165 3254 urani,
183 3189 262 3241 1826.
298 3187 405 3241 Nonam
421 3185 561 3240 edntmnern
577 3185 771 3240 inchoaverunt
788 3184 821 3239 θ.
844 3184 922 3238 llario
940 3190 965 3238 et
983 3184 1020 3239 H.
1039 3185 1148 3255 Hayen,
1170 3183 1259 3239 Seruii

82 3276 253 3344 pramnatr'n'
275 3275 323 3342 qni
334 3274 466 3342 fenennae
482 3274 513 3326 r'n
535 3273 610 3342 Vera
630 3288 710 3326 carra.
730 3271 919 3334 commentarii,
937 3274 1004 3325 1881
1021 3289 1072 3341 seq.
1108 3272 1205 3327 Adieer'
1221 3273 1258 3326 ad

82 3362 150 3415 Aen.
170 3365 263 3429 roam
281 3361 410 3415 scholium
426 3360 523 3414 incerti
543 3361 674 3427 andorn,
693 3360 742 3427 qni
757 3359 813 3412 iam
830 3363 894 3411 ante
911 3356 1033 3413 Seruiana
1044 3359 1171 3428 flammae
1188 3375 1257 3415 emn-

83 3450 279 3517 rnentarr'oeqne
301 3449 402 3503 eaeenlr'
419 3447 527 3500 1-111
545 3448 703 3515 enenpnose
725 3445 837 3500 uidam.
875 3445 949 3516 Quae
971 3447 1073 3502 robolin
1093 3465 1120 3503 a.
1137 3450 1205 3502 1818
1223 3449 1257 3503 ab

82 3537 154 3607 Any.
173 3536 237 3590 Mai
259 3537 378 3591 Veronae
394 3537 425 3590 in
442 3535 531 3590 codiee
546 3536 675 3603 reserante
691 3539 799 3603 reperta
817 3535 899 3601 (ande
914 3534 996 3589 oduei.
1014 3534 1108 3590 Veron.
1120 3536 1257 3605 appellan-

83 3628 140 3688 tur)
160 3626 301 3679 mansium
324 3624 396 3679 edita
413 3629 477 3678 erant
503 3623 537 3677 ab
555 3623 593 3677 H.
613 3622 677 3676 Kal
694 3625 725 3676 in
742 3623 828 3676 Probi
844 3629 978 3678 comment.
1001 3624 1031 3676 in
1055 3623 1129 3693 Vere.
1147 3627 1217 3678 1848
1233 3631 1258 3679 et

83 3713 153 3766 Arn.
173 3712 322 3780 Hermann,
340 3712 384 3766 die
406 3712 547 3766 Veroneser
570 3711 782 3780 Vererieebolr'en,
809 3710 1051 3781 Donaneeebinqen
1069 3713 1145 3765 1868.
1173 3742 1207 3750 -
1230 3711 1257 3782 3)

85 3801 154 3855 Inet.
167 3803 251 3868 4,8,1.·
270 3800 351 3856 Noxa
368 3801 411 3854 eet
423 3817 520 3869 eorpus
538 3799 612 3869 quod
625 3801 727 3863 nocuit,
746 3799 830 3854 noxia
842 3799 936 3868 ipeum
948 3798 1124 3854 maleficium.
1152 3799 1258 3855 Fronto

88 3887 120 3942 de
139 3888 226 3956 differ.
243 3888 334 3943 vocab.
349 3905 378 3957 p.
388 3890 440 3942 524
457 3888 538 3941 Kal:
554 3886 638 3942 Nora
654 3903 746 3956 poena
764 3888 813 3951 est,
833 3886 917 3941 noxia
935 3887 1026 3956 eulpa.
1045 3916 1079 3926 —
1097 3885 1126 3957 4)
1143 3885 1217 3942 Don.
1229 3889 1259 3942 r'n

88 3975 145 4030 Ter.
164 3975 238 4032 Earn.
257 3978 342 4044 3,2,3.·
368 3976 435 4030 Tria
458 3977 525 4029 eunt
542 3973 689 4030 osculandi
707 3991 811 4043 genera
829 3993 875 4027 -:
900 3974 995 4029 oeeule
1012 3972 1165 4029 officiorum
1184 3977 1257 4039 eunt,

84 4061 165 4117 basia
186 4063 349 4132 pudioorum
369 4061 526 4128 effectuum,
551 4061 651 4117 suavia
669 4061 817 4116 libidinum
838 4062 882 4116 vel
902 4078 1036 4116 amorum.
1055 4091 1090 4102 -
1108 4060 1135 4131 5)
1156 4060 1207 4114 (b'e.
1227 4061 1259 4115 de

85 4151 168 4207 divin.
186 4154 260 4219 1,16.·
285 4150 366 4205 Nihil
391 4151 448 4206 fere
473 4151 615 4220 quondam
642 4150 756 4206 maioris
780 4149 821 4205 rei
844 4149 898 4203 niei
922 4148 1067 4219 auspicato
1092 4164 1127 4202 ne
1145 4146 1258 4216 privato

87 4238 202 4308 quidem
220 4238 379 4307 gerebatur,
398 4238 575 4309 quodetiam
594 4255 668 4293 nuno
686 4239 851 4308 nuptiarum
871 4238 995 4306 auspioee
1008 4236 1164 4291 declarant.
1191 4235 1259 4289 Inde

92 4325 150 4381 Vae.
170 4326 249 4381 Mna.
268 4331 343 4395 2,1,1.
363 4328 544 4396 -6)16,42.

119 4440 214 4500 eamr,
233 4440 322 4490 Fontes
341 4439 409 4488 turle.
433 4441 478 4488 ne.
497 4439 527 4496 V,
1015 4429 1049 4490 26
