2954 5010
692 309 797 366 Festus.
1267 317 1328 382 361

147 492 183 555 in
206 512 323 575 genere
345 494 420 555 sunt
442 489 538 554 haec:
560 491 594 553 in
617 488 726 554 aedem
750 489 858 554 Bonae
880 490 955 554 deae
978 490 1083 554 virum
1106 489 1249 571 introire,
1274 493 1330 557 ad-

150 618 261 661 versus
279 594 435 680 auspicia¹
459 594 562 679 legem
576 592 631 658 adl
648 593 799 677 populum
815 594 907 674 ferre,
932 594 982 659 die
997 594 1123 659 nefasto
1139 597 1224 679 apud
1239 619 1331 680 prae·

148 706 255 765 torem
278 701 349 787 lege
372 721 477 784 agere.
512 698 601 764 Inter
618 722 743 764 sacrum
759 702 865 764 autem
881 703 913 764 et
929 703 1074 764 sanctum
1098 703 1130 764 et
1146 699 1331 786 religiosum

150 805 350 871 differentias
381 804 553 868 bellissime
576 802 689 867 refert:
723 825 885 867 sacrum
913 803 1089 868 aedificium
1113 810 1328 870 consecratum

117 928 122 938 ·
151 911 220 993 deo,
244 912 435 974 sanctum
457 929 584 972 murum
607 907 662 989 qui
685 905 727 971 sit
750 906 868 970 circum
892 907 1053 991 oppidum,
1077 909 1331 994 religiosum

155 1015 345 1100 sepulcrum,
368 1013 424 1078 ubi
445 1016 591 1076 mortuus
613 1011 756 1095 sepultus
780 1016 836 1076 'aut
856 1013 1007 1077 humatus
1031 1013 1073 1078 sit
1089 1015 1167 1079 satis
1184 1021 1329 1083 constare

153 1120 220 1196 ait3
245 1120 299 1185 sed
320 1119 378 1183 illa
400 1141 457 1203 pro
480 1116 642 1202 portione⁸
667 1116 804 1200 quadam
827 1122 859 1182 et
881 1119 1078 1202 temporibus
1101 1120 1210 1184 eadem
1232 1123 1332 1187 videri

152 1248 257 1312 posse,
281 1224 308 1288 si
324 1224 452 1309 quidem
474 1224 559 1306 quod
574 1245 699 1286 sacrum
715 1226 773 1302 est,
796 1222 881 1288 idem
903 1223 975 1309 lege
994 1228 1050 1288 aut
1064 1224 1214 1290 instituto
1230 1228 1330 1291 maio-

152 1354 225 1395 rum
249 1333 395 1395 sanctum
417 1351 484 1394 esse
506 1331 617 1412 putat,
648 1327 701 1391 ut‘
724 1327 839 1392 violari
861 1328 895 1392 id
917 1329 986 1393 sine
1008 1351 1110 1412 poena
1132 1352 1196 1394 non
1219 1333 1331 1415 possit.

153 1436 243 1502 Idem
268 1435 454 1519 religiosum
477 1429 603 1518 quoque
625 1455 708 1511 esse,
733 1434 900 1517 quoniaml
923 1434 966 1498 sit
990 1433 1146 1518 aliquid⁶‚
1180 1437 1332 1521 quodibi

153 1541 279 1606 homini
301 1540 404 1605 facere
427 1562 492 1604 non
514 1539 624 1617 liceat3
660 1540 744 1622 quod
768 1539 795 1603 si
818 1539 925 1620 faciat,
949 1540 1099 1605 adversus
1123 1542 1253 1606 deorum
1276 1565 1330 1606 vo-

152 1647 313 1711 luntatem
335 1645 480 1710 videatur
503 1645 615 1710 facere.
661 1644 816 1711 Similiter
838 1645 876 1710 de
896 1667 988 1710 muro
1011 1649 1044 1710 et
1058 1646 1203 1730 sepulcro
1220 1647 1332 1711 debere

151 1751 333 1831 observari,
366 1754 403 1814 ut
425 1750 533 1815 eadem
562 1753 594 1814 et
618 1772 707 1814 sacra
729 1753 761 1814 et
784 1754 895 1815 sancta
917 1755 949 1815 et
971 1751 1121 1836 religiosa
1144 1752 1242 1833 fiant,
1276 1753 1329 1817 sed

152 1879 216 1942 quo
239 1855 350 1921 modo⁷
373 1878 470 1939 supra
489 1854 669 1939 expositum
692 1859 749 1935 est,
773 1878 845 1920 cum
861 1857 899 1920 de
914 1878 1004 1921 sacro
1021 1856 1168 1922 diximus.
1201 1857 1240 1921 F
1254 1863 1330 1923 278.

152 1962 428 2047 Religionum
459 1959 511 2025 ac⁸
535 1982 660 2024 sacrum
683 1965 748 2041 est,
778 1965 814 2025 ut
836 1961 957 2046 templa
980 1963 1088 2027 omnia
1111 1965 1207 2046 atque
1230 1965 1331 2043 aedes,

153 2089 237 2152 quae
260 2067 356 2131 etiam
380 2069 522 2130 sacratae
545 2065 710 2144 dicuntur;
744 2066 794 2130 atl
818 2067 902 2151 quod
929 2090 986 2152 per
1009 2089 1042 2132 se
1065 2068 1251 2154 religiosum
1274 2073 1332 2148 est,

151 2194 218 2236 non
241 2172 364 2256 uti[qnc
385 2191 512 2235 socrum
533 2175 588 2251 est,
619 2176 654 2235 at
675 2171 853 2258 sebalem,
885 2173 970 2257 quod
992 2195 1029 2237 ea
1052 2195 1115 2237 non
1141 2173 1256 2257 [sacrm
1279 2174 1334 2238 scol

152 2279 301 2361 religioso
322 2276 419 2358 snat}
465 2275 504 2339 F.
527 2280 603 2341 289.

151 2382 354 2462 Reluere‚
378 2381 542 2461 resolvere,
566 2381 779 2467 repignerare.
826 2380 979 2446 Caecilius
1004 2406 1058 2446 -τ
1082 2382 1139 2448 ‘Ut
1162 2406 1276 2448 aurum
1299 2389 1331 2449 et

151 2492 285 2568 vestem,
310 2487 394 2573 quod
416 2487 528 2551 matris
551 2486 624 2566 fuit,
647 2486 760 2565 reluat,
786 2487 870 2570 quod
888 2488 961 2552 viva
976 2487 1037 2571 ipsi
1053 2487 1238 2571 opposuit¹⁰
1261 2490 1331 2574 pig-

150 2594 244 2660 nori)
291 2593 330 2657 F.
352 2596 429 2658 281.

151 2698 501 2783 Remancipatam
531 2695 643 2762 Gallus
666 2697 777 2762 Aelius
800 2720 868 2763 esse
891 2699 947 2778 an,
981 2722 1062 2784 quae
1084 2699 1267 2783 mancipata
1290 2699 1333 2762 sit

152 2806 194 2871 ab
218 2827 265 2885 eo,
288 2805 344 2889 qui
366 2805 401 2868 in
422 2826 554 2868 manum
576 2805 769 2868 convenerit.
815 2803 854 2867 F.
878 2809 954 2869 277.

152 2909 434 2994 Ren[oncitnr
456 2958 463 2971 .
488 2957 495 2972 .
519 2907 712 2991 siylnificare
744 2907 790 2971 ait
821 2908 1083 2992 rep[rclccnderlt;
1115 2909 1198 2973 ande
1229 2908 1331 2972 odlcac

152 3015 224 3099 nos]
249 3015 381 3079 dicimus
406 3014 631 3094 ‘nanciscitur,'
657 3014 697 3098 [ct
718 3018 860 3092 coactas,
884 3014 919 3078 td
936 3018 980 3079 est
994 3014 1149 3096 adeptus}
1173 3012 1212 3077 F.
1231 3018 1308 3077 277.

153 3118 237 3186 Ren
250 3121 423 3184 ancitur
445 3117 607 3204 significat
629 3117 877 3202 reprehenderit,
901 3119 983 3182 unde
1000 3118 1103 3182 adhuc
1124 3139 1182 3181 nos
1198 3117 1331 3181 dicimus

152 3224 347 3290 nanciscitur
369 3227 401 3288 et
423 3225 568 3302 nanctus,
593 3222 626 3285 id
649 3227 697 3287 est
721 3223 863 3306 adeptus.
911 3223 948 3287 P.
971 3227 1046 3287 276.

152 3327 233 3394 Res
257 3328 649 3413 comperendinata
679 3327 841 3413 significat
862 3327 1014 3391 iudicium
1036 3328 1070 3391 in
1093 3328 1225 3392 tertium
1248 3327 1330 3390 diem

152 3433 407 3500 constitutum¹¹.
445 3432 483 3496 P.
507 3437 583 3499 283.

152 3540 395 3626 Resignare
425 3539 551 3623 antiqui
583 3561 642 3622 pro
665 3538 837 3603 rescribere
859 3538 1039 3621 ponebant,
1072 3542 1108 3602 ut
1131 3536 1233 3602 adhuc
1256 3538 1332 3601 sub-

154 3645 284 3730 signare
306 3644 439 3708 dicimus
463 3666 521 3728 pro
544 3643 751 3708 subscribere.
797 3642 836 3706 F.
860 3647 936 3709 281.

152 3750 444 3835 Resignatum
476 3770 528 3813 aes
558 3748 676 3812 dicitur
706 3747 823 3827 militi,
855 3769 927 3812 cum
958 3749 999 3812 ob
1023 3749 1174 3813 delictum
1203 3746 1333 3830 aliquod

152 3858 243 3921 iussu
272 3856 394 3920 tribuni
427 3855 567 3920 militum
583 3853 610 3890 ¹²
642 3855 676 3917 in
700 3854 826 3917 tabulas
861 3854 1013 3930 refertum
1047 3854 1175 3939 signare
1190 3852 1218 3888 ¹³
1247 3853 1331 3915 enim

228 3995 254 4061 1)
272 3995 419 4063 mysticiae
437 3996 510 4063 cod.,·
528 3996 626 4049 emend.
639 3995 709 4064 Aac.
728 4023 764 4033 —
782 3994 810 4064 2)
829 3993 858 4046 id
877 3993 932 4048 cod.
952 4023 986 4032 -
1005 3993 1033 4063 3)
1052 3992 1116 4063 [illa
1134 4010 1185 4062 pro
1203 3991 1331 4061 portione

153 4098 210 4152 eqo,
240 4081 283 4135 ita
302 4082 431 4152 portione
449 4083 510 4151 (pro
530 4085 591 4150 om.)
610 4083 666 4137 cod.
695 4081 745 4135 Ta.
765 4082 813 4150 Μ.)
842 4111 873 4120 -
894 4084 921 4150 4)
939 4082 1025 4151 putat
1043 4081 1084 4151 ut]
1102 4082 1207 4150 putant
1225 4080 1280 4134 cod.
1302 4109 1334 4118 -

153 4175 181 4240 5)
202 4171 251 4239 qui
270 4188 326 4226 non
344 4171 402 4225 iam
420 4173 476 4227 cod.
495 4202 530 4211 —
547 4174 575 4240 6)
594 4172 691 4241 alquid
704 4172 761 4225 cod.
779 4201 815 4210 —
833 4173 860 4238 1)
878 4170 953 4239 quod
965 4171 1014 4225 ins.
1031 4168 1086 4222 cod.
1106 4198 1141 4206 —
1159 4167 1187 4235 8)
1207 4167 1333 4237 [fortmae

153 4275 251 4328 aeque.
274 4257 323 4314 ΤΗ,
338 4259 384 4328 Μ.)
405 4291 440 4299 —-
459 4262 484 4324 9)
505 4259 540 4312 ad
559 4258 615 4312 cod.
636 4288 665 4296 -
688 4259 731 4328 10)
749 4256 811 4327 ipsa
830 4255 970 4325 opposivit
989 4254 1063 4308 Mne.
1083 4285 1115 4292 --
1137 4256 1181 4322 ll)
1199 4253 1332 4307 iudicium

157 4345 278 4401 tertium
295 4347 479 4401 constitutum
498 4347 539 4400 M.
560 4377 591 4385 -
614 4345 656 4413 12)
674 4363 708 4398 ne
728 4344 900 4414 stipendium
918 4344 943 4398 ei
961 4342 1044 4397 detur
1060 4342 1155 4396 inserit
1170 4341 1282 4396 Paulus.
1302 4373 1333 4383 -

154 4434 199 4503 13)
219 4433 361 4502 resignare
381 4435 437 4489 cod.
