2954 5010
669 199 810 254 Asconius.
1258 202 1321 266 393

144 378 305 464 publicam
327 379 518 443 videbantur
533 399 608 441 esse.
632 413 676 423 --
698 375 776 440 Post
792 376 862 440 sex¹
880 376 991 441 deinde
1006 397 1116 455 annos,
1133 399 1230 460 quam
1245 378 1320 441 sub-

145 486 211 548 lata
227 488 328 563 erant,
344 482 380 547 P.
394 482 521 547 Clodius
538 483 613 546 trib.
629 481 672 566 pl.
689 482 759 565 lege
775 482 842 545 lata
858 481 999 545 restituit
1014 480 1158 566 collegia.
1183 480 1223 562 (7
1233 513 1263 534 =
1278 484 1322 565 6.)

233 591 250 673 ἓ
275 591 303 653 9.
350 589 497 653 Diximus
519 589 553 653 L.
570 587 685 653 Pisone
707 583 766 650 A.²
792 585 927 651 Gabinio
951 583 1030 656 οῳε.8
1054 583 1089 649 Ρ.
1116 585 1261 650 Clodium
1284 589 1324 650 tr.

145 696 187 779 pl.
220 698 372 779 quattuor
402 695 487 779 leges
518 693 709 777 perniciosas
740 693 858 777 populo
878 692 1023 757 Romano
1046 691 1170 757 tulisse:
1195 730 1234 738 --
1259 696 1325 756 ter·

144 801 225 864 tiam
257 801 295 865 de
318 800 459 884 collegiis
491 798 693 863 restituendis
722 798 875 878 novisque
899 796 1138 873 instituendis⁴;
1162 833 1202 843 -
1228 819 1326 881 quar-

144 909 224 984 tam,
247 928 287 970 ne
311 927 404 989 quem
427 926 569 968 censores
593 903 627 967 in
643 910 756 969 senatu
770 903 905 988 legendo
920 902 1145 987 praeterirent⁶
1168 925 1246 967 neve
1263 926 1326 987 qua

147 1011 326 1094 ignominia
347 1011 530 1088 afficerent,
565 1010 626 1074 nisi
650 1011 706 1093 qui
729 1011 812 1094 apud
834 1031 887 1073 eos
915 1012 1078 1073 aecusatus
1102 1011 1134 1071 et
1159 1008 1326 1091 utriusque

147 1115 285 1181 censoris
318 1115 477 1179 sententia
507 1114 675 1178 damnatus
706 1117 804 1189 esset3
837 1113 897 1176 hae
930 1134 1005 1196 ergo
1028 1114 1094 1177 eius
1117 1114 1187 1198 lege
1216 1135 1327 1178 oensu·

147 1243 234 1300 ram,
270 1243 350 1305 quae
372 1221 528 1306 magistra
562 1220 691 1304 pudoris
720 1224 752 1284 et
775 1218 947 1284 modestiae
970 1221 1036 1297 est,
1069 1218 1228 1282 sublatam
1251 1217 1324 1282 ain.

147 1325 184 1409 o
205 1357 236 1379 =
259 1327 302 1410 ⁷.)

240 1431 257 1513 ᾗ
282 1430 334 1495 94.
380 1430 496 1515 Legem
520 1430 718 1494 iudiciariam
742 1467 783 1476 -
806 1429 883 1493 tulit
904 1427 938 1493 L.
956 1427 1105 1492 Aurelius
1122 1425 1216 1492 Cotta
1231 1449 1324 1511 prae-

147 1534 225 1615 tor⁷,
251 1558 314 1620 qua
339 1534 571 1612 communicata
593 1538 668 1598 sunt
690 1533 806 1598 iudicia
829 1533 952 1598 senatui
973 1536 1005 1597 et
1028 1531 1188 1615 equitibus
1208 1530 1328 1596 Roma-

149 1642 200 1705 nis
224 1644 256 1705 et
278 1640 416 1704 tribunis
439 1639 578 1704 aerariis.
630 1637 753 1703 Rursus
775 1638 886 1705 deinde
911 1637 1082 1721 Pompeius
1104 1636 1138 1701 in
1161 1637 1327 1701 consulatu

149 1744 303 1810 seeundo8
328 1782 369 1791 -
397 1745 622 1830 promulgavit,
647 1749 684 1809 ut
710 1745 905 1829 amplissimo
932 1766 971 1809 ex
997 1765 1091 1808 censu
1115 1765 1153 1807 ex
1175 1742 1326 1806 centuriis

151 1851 245 1915 aliter
275 1854 372 1934 atque
401 1854 494 1914 antea
525 1851 600 1915 lecti
631 1851 767 1930 iudioes,
801 1871 900 1934 aeque
930 1853 1037 1914 tamen
1069 1870 1107 1912 ex
1128 1848 1192 1911 iHis
1223 1848 1326 1911 tribus

151 1956 327 2036 ordinibus,
351 1978 400 2020 res
423 1956 609 2022 indicarent.
655 1955 717 2038 (16
730 1985 763 2009 ·--
781 1956 849 2036 15.)

594 2149 622 2203 Β.
650 2148 675 2202 ln
695 2146 885 2203 Seuerianam.

242 2272 271 2336 1.
307 2271 362 2336 Cn.
386 2271 547 2336 Domitius
572 2310 610 2316 --
637 2271 720 2335 diem
743 2270 772 2335 ei
796 2267 940 2356 (Scauro)
965 2268 1046 2332 dixit
1069 2268 1153 2352 apud
1175 2268 1330 2350 populum

152 2382 186 2443 et
208 2377 344 2441 multam
366 2377 541 2462 irrogavit,
572 2377 656 2460 quod
685 2377 752 2441 eius
775 2398 871 2460 opera
894 2397 983 2439 saera
1005 2373 1107 2437 multa
1129 2372 1241 2456 populi
1263 2371 1329 2437 Ro-

153 2482 241 2547 mani
273 2483 437 2548 deminuta
467 2504 533 2546 esse
559 2483 686 2546 diceret.
732 2481 866 2547 Crimini
888 2480 987 2544 dabat
1009 2500 1098 2542 sacra
1120 2477 1249 2560 publica
1271 2500 1329 2561 po-

152 2588 222 2672 puli
246 2588 382 2651 Romani
405 2589 497 2652 deum
520 2588 704 2668 Penatium,
737 2611 817 2673 quae
840 2585 953 2651 Lavini
975 2584 1114 2663 fierent⁹,
1145 2606 1241 2667 opera
1263 2583 1329 2647 eius

153 2694 258 2757 minus
282 2697 366 2757 reete
388 2697 535 2778 casteque
557 2694 636 2758 fieri.
682 2693 751 2770 Quo
774 2692 905 2757 crimine
929 2690 1094 2754 absolutus
1122 2693 1170 2753 est
1193 2687 1329 2753 Scaurus

155 2798 293 2882 quidem,
317 2799 370 2863 sed
393 2798 449 2876 ita,
470 2803 507 2862 ut
530 2799 667 2862 atribus
688 2798 835 2862 tribubus
852 2797 1066 2874 damnaretur,
1090 2791 1250 2858 aXXXlI
1272 2794 1329 2857 ab·

151 2903 338 2978 solveretur,
364 2907 396 2966 et
418 2904 452 2965 in
474 2901 559 2966 his¹⁰
583 2925 684 2987 pauca
706 2906 825 2987 puncta
847 2903 932 2965 inter
954 2899 1191 2964 damnationem
1214 2903 1246 2964 et
1269 2899 1326 2963 ab·

155 3008 346 3073 solutionem
368 3008 566 3073 interessent.
613 3008 721 3088 (21=
741 3010 810 3093 18.)

596 3198 623 3254 θ.
649 3197 675 3251 ln
695 3196 892 3253 cornelianam.

251 3324 328 3408 Arg.
364 3323 433 3389 0.st
456 3323 632 3403 Cornelius,
653 3360 696 3371 -
720 3322 867 3386 tribunus
890 3318 1026 3405 plebis¹²
1049 3357 1089 3365 -
1115 3316 1332 3401 promulgavit

156 3430 277 3514 legem,
312 3453 375 3513 qua
405 3428 688 3513 [auctoritatem¹³]
721 3430 848 3491 senatus
879 3425 1059 3504 minuebat,
1091 3421 1210 3506 nequi
1234 3419 1330 3484 nisi¹⁴

240 3586 266 3655 l)
284 3588 323 3640 sio
342 3586 451 3652 Rinkes,
470 3603 570 3641 nouem
589 3585 659 3638 labra.
686 3615 720 3623 -
745 3583 772 3653 2)
792 3584 835 3652 Α.)
856 3585 885 3637 et
903 3583 972 3637 labri.
992 3614 1026 3621 —
1045 3582 1071 3651 3)
1089 3599 1115 3635 a.
1133 3597 1159 3635 n.
1179 3597 1200 3634 e.
1220 3583 1277 3634 696.
1299 3607 1331 3618 w

157 3677 185 3744 4)
206 3675 259 3729 Ga'o.
278 3677 308 3728 a'n
322 3674 376 3728 Pis.
396 3678 453 3742 4,9.·
472 3672 590 3742 collegia
609 3690 665 3728 non
683 3689 717 3725 ea
736 3672 834 3732 solum,
853 3687 924 3739 quae
943 3671 1055 3724 senatus
1073 3668 1233 3731 sustulerat,
1252 3666 1332 3721 resti·

156 3764 235 3826 tuta,
264 3762 312 3816 sed
332 3760 551 3816 innumerabilia
575 3758 713 3828 quaedam
738 3775 812 3812 nova
830 3775 863 3812 ex
884 3757 960 3812 omni
978 3757 1054 3811 faece
1072 3756 1148 3809 urbis
1168 3773 1200 3809 ao
1219 3753 1332 3808 servitio

156 3850 306 3904 concitata.
335 3849 379 3903 De
397 3856 512 3917 ternpore
529 3850 608 3902 buius
627 3849 690 3918 leurs
707 3865 730 3901 o.
745 3847 801 3901 Mo.
820 3847 852 3900 de
865 3847 923 3900 coll.
943 3848 1054 3900 73-78.
1073 3875 1108 3883 -
1127 3844 1154 3913 5)
1175 3844 1215 3908 Cf.
1235 3842 1333 3897 Festus

158 3935 315 3990 Praeteriti.
343 3965 377 3974 -
403 3935 430 4005 6)
450 3935 510 3988 adit
528 3936 568 3988 oel
587 3935 667 3988 addit
686 3935 756 3988 nora
783 3965 814 3972 -
847 3937 871 3997 7)
890 3952 914 3987 n.
935 3935 993 3985 684.
1021 3963 1057 3970 -
1084 3931 1110 4000 8)
1130 3948 1153 3984 a.
1174 3933 1232 3984 699.
1251 3961 1286 3969 -
1305 3930 1332 3994 9)

158 4026 273 4078 fuerunt
292 4024 362 4076 libri.
393 4055 421 4061 „
454 4023 496 4090 10)
514 4022 552 4076 eis
572 4023 640 4076 libri.
670 4053 702 4060 α-
732 4021 775 4090 11)
795 4021 823 4075 0.
843 4022 976 4076 onrla'bri.
997 4051 1028 4059 -
1050 4020 1091 4089 12)
1109 4036 1134 4072 a.
1155 4021 1213 4072 687.
1234 4049 1267 4056 -
1290 4018 1331 4087 13)

159 4111 360 4166 auctoritatem
387 4127 436 4165 om.
455 4112 485 4162 in
502 4111 578 4163 brata
605 4127 637 4163 en
656 4111 731 4164 labris
750 4125 815 4178 qnos
833 4110 958 4162 babemus
977 4108 1092 4175 optimus
1109 4106 1263 4174 videturque
1280 4123 1333 4160 esse

157 4217 190 4253 en
207 4199 394 4267 supplemento,
421 4198 572 4265 etreliqua
591 4214 692 4266 qnoque
710 4199 784 4251 intro
801 4213 883 4250 uncos
898 4196 1044 4264 quadratos
1058 4196 1158 4264 posito,
1188 4193 1220 4246 de
1238 4195 1334 4264 quibus
