2954 5010
614 303 733 362 Senatus
751 307 888 363 consulta.

250 571 280 634 3.
312 566 370 633 SC.
394 569 442 633 de
465 568 743 653 pbilosophis
766 573 809 634 et
831 569 1090 636 rhetoribus
1113 595 1141 637 a.
1168 574 1241 639 593.

231 708 406 783 (Suetonius
427 709 463 766 66
484 708 574 766 eloris
594 707 760 766 rhetoribus
780 726 803 767 a
825 713 860 766 1:
885 710 972 769 vetus
993 707 1055 780 SC,
1076 710 1146 768 item
1168 713 1330 771 censorium

144 805 296 863 edictum'¹
320 803 493 881 subiciamt)

238 899 273 964 O.
298 900 423 965 Fannio
445 898 612 979 Strabone,
635 897 679 962 M.
705 897 835 964 Valerio
857 899 994 966 Messala
1016 923 1079 968 eos.

237 1004 282 1069 M.
306 1004 501 1088 Pomponius
524 1007 653 1087 praetor
675 1009 823 1069 senatum
844 1007 1014 1070 consuluit.

236 1109 329 1185 Quod
352 1112 450 1175 verba
471 1109 558 1173 facta
580 1113 655 1173 sunt
678 1109 716 1174 de
738 1110 939 1194 pbilosophis
962 1116 994 1176 et
1017 1113 1056 1178 de
1070 1113 1263 1195 rhetoribus
1289 1116 1326 1180 de

145 1236 184 1278 ea
208 1215 315 1279 reita
338 1218 543 1279 censuerunt:
571 1218 607 1278 ut
629 1213 673 1277 M.
697 1214 893 1299 Pomponius
916 1222 1044 1300 praetor
1067 1219 1333 1285 animadverteret

146 1323 350 1402 curaretque,
372 1318 437 1383 uti2
461 1318 490 1382 ei
513 1340 531 1382 e
557 1318 721 1401 republica
736 1319 860 1402 fideque
875 1342 933 1384 sua
950 1321 1121 1403 videretur,
1147 1325 1193 1387 uti
1210 1323 1331 1390 Romae

147 1445 190 1489 ne
214 1427 331 1489 essent.

384 1599 414 1666 4.
454 1596 511 1664 SC.
536 1599 582 1663 de
604 1597 869 1665 Tiburtibus
904 1621 930 1665 6.
955 1624 982 1667 a.
1007 1603 1098 1667 595³

237 1739 273 1804 L.
296 1739 462 1805 Cornelius
496 1740 552 1806 On.
577 1741 600 1806 f.
634 1742 791 1827 pr(aetor)
823 1740 999 1828 sen(atum)
1022 1745 1212 1830 eons(uluit)
1247 1770 1275 1811 a.
1301 1748 1330 1812 d.

147 1843 208 1910 HI.
236 1867 339 1910 nonas
361 1846 464 1913 Maias
487 1847 546 1912 sub
569 1849 645 1912 aede
667 1848 834 1912 Kastorus.

239 1950 307 2016 Sor.
321 1952 384 2017 auf.
397 1951 438 2017 A.
451 1953 591 2018 Manlius
604 1951 644 2018 A.
657 1953 691 2033 f.,
707 1951 769 2018 Sex
778 1953 880 2017 lulius
893 2004 900 2018 .
911 2003 919 2018 .
929 2002 948 2033 .,
963 1953 999 2018 L.
1012 1953 1195 2020 Postumius
1211 1956 1294 2040 S(p.)
1308 1957 1330 2022 f.

240 2057 334 2150 Quod
360 2059 528 2124 Teiburtes
558 2059 683 2144 v(erba)
714 2057 862 2144 f(eoistis)
895 2059 1074 2143 quibusque
1096 2063 1135 2125 de
1157 2061 1252 2127 rebus
1274 2085 1330 2127 vos

149 2163 360 2248 purgavistis,
384 2186 421 2228 ea
444 2168 572 2229 senatus
592 2162 597 2249 Ι
617 2164 760 2228 animum
782 2164 923 2229 advortit
945 2164 992 2229 ita
1014 2167 1081 2231 utei
1104 2189 1236 2251 aequom
1249 2167 1330 2232 fuit:

148 2290 273 2353 nosque
307 2292 344 2334 ea
375 2271 422 2335 ita
446 2270 683 2350 audiveram,
705 2281 716 2345 ΙΙ
734 2274 770 2334 ut
793 2292 849 2335 vos
872 2271 1031 2336 deixsistis
1054 2273 1162 2336 vobeis
1185 2274 1332 2338 nontiata
1360 2275 1384 2327 5·

148 2397 226 2440 esse.
273 2373 324 2438 Ea
355 2396 413 2440 nos
443 2375 585 2440 animum
614 2380 761 2440 nostrum
789 2377 793 2458 Ι
820 2398 884 2440 non
907 2377 1153 2442 indouoebamus
1176 2379 1223 2443 ita
1245 2378 1332 2444 facta

148 2501 217 2544 esse
238 2484 372 2563 propter
393 2503 430 2545 ea
454 2482 539 2564 quod
561 2482 719 2546 scibamus
740 2484 744 2563 Ι
766 2503 803 2546 66
818 2504 874 2546 vos
890 2483 1004 2547 merito
1021 2487 1131 2547 nostro
1147 2483 1251 2548 facere
1266 2506 1349 2574 nou¹

149 2584 312 2667 potuisse,
343 2607 446 2669 neque
478 2607 535 2651 vos
562 2587 677 2672 dignos
698 2608 776 2666 esse,
796 2585 802 2671 Ι
822 2588 896 2670 quei
919 2609 956 2651 ea
978 2586 1140 2668 faceretis,
1173 2611 1276 2672 neque
1299 2591 1331 2655 id

148 2689 259 2755 vobeis
283 2711 386 2772 neque
408 2693 454 2756 rei
480 2691 625 2775 poplioae
647 2695 773 2756 vostrae
793 2689 798 2778 Ι
818 2692 907 2756 oitile
929 2714 996 2756 esse
1018 2690 1130 2757 faeere.
1175 2693 1220 2757 Et
1241 2699 1331 2778 post·

150 2817 248 2879 quam
270 2800 380 2860 vostra
403 2797 502 2861 verba
525 2799 653 2861 senatus
677 2796 810 2876 audivit,
826 2805 839 2874 ΙΙ
855 2801 947 2861 tanto
970 2798 1074 2882 magis
1098 2798 1241 2863 animum
1255 2823 1331 2865 nos·
1344 2808 1382 2862 10.

149 2904 237 2965 trum
268 2900 483 2983 indouoimus,
515 2903 562 2967 ita
592 2903 658 2969 utei
688 2907 763 2968 ante
782 2900 786 2989 Ι
807 2902 1054 2984 arbitrabamur,
1078 2904 1116 2968 de
1139 2905 1213 2969 eieis
1236 2906 1331 2971 rebus

151 3005 187 3070 af
205 3005 317 3071 vobeis
338 3011 503 3091 peooatum
526 3031 591 3073 non
614 3031 690 3074 esse.
712 3008 716 3090 Ι
737 3007 892 3093 Quonque
916 3008 954 3073 de
975 3009 1050 3074 eieis
1072 3009 1166 3074 rebus
1190 3013 1332 3078 senatuei

149 3111 283 3197 purgati
313 3112 409 3200 estiS,
446 3113 601 3180 credimus
633 3137 752 3199 vosque
779 3112 785 3202 Ι
812 3116 954 3179 animum
986 3119 1130 3180 vostrum
1164 3115 1332 3182 indouoere

150 3219 288 3300 oportet,
312 3215 390 3281 item
412 3240 468 3282 vos
490 3220 609 3305 populo
630 3221 634 3303 Ι
654 3219 800 3284 Romano
824 3225 980 3305 purgatos
1002 3220 1079 3286 fore.

222 3428 247 3491 1)
271 3424 416 3493 Utrarnqne
433 3424 804 3494 ennuaetamoeu.15,11;
821 3425 936 3480 edr'atmn
953 3428 1101 3481 censorimn
1119 3427 1228 3481 dabitur
1244 3429 1330 3498 infra.

150 3543 183 3553 -
201 3514 230 3584 2)
250 3511 294 3566 uti
313 3511 433 3566 Gelliam
450 3511 521 3578 lton,
540 3513 572 3564 ut
590 3511 614 3564 si
632 3510 800 3566 Suetonium.
819 3543 853 3552 -
872 3514 901 3581 3)
921 3511 949 3568 (J.
969 3513 993 3567 1.
1013 3512 1047 3566 L.
1067 3517 1144 3581 1‚107
1161 3532 1187 3568 n.
1206 3519 1266 3569 201.
1303 3517 1334 3569 Ε

150 3601 244 3655 tabula
263 3600 373 3668 666666,
391 3616 459 3669 qaue
476 3615 543 3653 saec.
557 3598 637 3652 XVI
653 3599 750 3654 Tibure
767 3606 872 3668 reperta
892 3606 941 3655 oat
953 3602 1097 3670 pertitam
1109 3603 1181 3656 latet.
1209 3602 1333 3657 Primam

150 3689 222 3743 6666
241 3693 280 3742 est
297 3688 332 3741 ab
350 3687 446 3742 Ursino
465 3687 514 3754 (66
530 3686 645 3756 Aaqast.
665 3688 697 3741 66
715 3689 762 3757 leq.
780 3691 838 3756 22),
852 3695 987 3757 postremo
1004 3707 1018 3744 e
1036 3690 1129 3744 tabula
1148 3692 1209 3759 ipsa
1227 3691 1261 3744 ab
1273 3691 1331 3745 Dn-

148 3779 195 3830 m'o
214 3775 331 3846 Quirino
355 3776 474 3830 Viseontr'
501 3777 581 3842 (teon.
605 3779 767 3845 rom.1,89).
804 3777 877 3831 Eam
894 3778 1023 3847 sonutam
1041 3793 1095 3832 esse
1107 3793 1159 3846 per
1177 3777 1273 3831 bellam
1290 3794 1331 3832 so-

150 3865 217 3917 etate
240 3880 273 3917 u.
293 3866 344 3916 664
368 3863 435 3917 Viae.
454 3864 580 3930 coniecit,
603 3880 655 3932 per
681 3865 892 3919 coniurationem
910 3865 1096 3920 Sertorianum
1122 3867 1159 3933 (a.
1179 3868 1242 3930 676)
1270 3865 1328 3918 Mo.

151 3953 167 4004 t.
181 3953 216 4019 l.,·
236 3951 400 4005 Ritsobelr'us
419 3951 485 4019 (Bb.
505 3951 578 4005 Mus.
598 3955 659 4021 912.
672 3955 735 4020 166)
757 3951 793 4005 L.
815 3952 968 4009 Cornelium
981 3959 1134 4022 praetorem
1151 3953 1261 4006 eandem
1278 3969 1332 4007 esse

147 4040 281 4092 66666666
308 4044 388 4106 atque
415 4038 449 4091 L.
471 4038 623 4093 Corneliam
652 4040 699 4095 On.
715 4041 741 4110 f.
771 4040 917 4095 Lentulum
935 4041 1045 4111 16666
1071 4042 1204 4096 conantem
1225 4058 1251 4094 a.
1269 4044 1329 4108 598,

148 4127 314 4180 adsentiente
327 4131 423 4194 postea
442 4127 499 4181 Mo.
520 4128 604 4196 (pr.
623 4129 703 4197 emor.
724 4132 782 4198 lp.
801 4132 866 4197 289)
882 4129 1115 4199 propterea'qnod
1132 4129 1218 4184 trebes
1234 4129 1265 4182 e'n
1282 4144 1329 4182 no-

148 4215 268 4268 minebus
295 4215 401 4268 testium
419 4216 517 4269 omissa
534 4216 571 4269 66
587 4232 645 4270 eam
662 4222 775 4271 aetatem
793 4217 873 4271 6666.
910 4218 1048 4272 Habemus
1065 4222 1154 4271 antem
1170 4231 1225 4270 non
1242 4216 1331 4283 absum

147 4300 213 4369 SC„
242 4300 291 4355 aed
306 4301 449 4369 mutatam
462 4304 599 4370 praetoris
617 4302 709 4364 dotum
726 4303 765 4356 66
782 4303 891 4371 SOtam,
918 4320 1044 4358 66666666
1061 4304 1182 4359 oratione
1199 4319 1232 4356 66
1250 4304 1329 4358 tertia

145 4405 262 4457 persono
281 4389 312 4441 e'n
329 4388 482 4457 secandam,
501 4389 531 4443 e'd
549 4390 622 4458 qaod
635 4396 700 4459 poet
722 4390 780 4446 Urs.
800 4391 990 4446 demonstravit
1009 4391 1067 4446 Mo.
