2954 5010
544 282 664 343 Senatus
684 285 820 342 consulta.
1207 290 1271 361 175

169 456 239 544 d(e)
272 459 337 544 e(a)
360 462 422 546 r(e)
444 463 519 547 ilta)
542 465 779 548 clensuorunllt
814 486 887 529 cum
909 465 949 529 ad
972 465 1158 531 reficiendos
1182 467 1268 532 rivos

119 582 262 646 eousque
284 566 462 651 perpeserit,
485 573 521 632 ut
535 569 676 650 spatium
699 569 782 632 circo
803 589 853 632 cos
869 574 979 650 pateat
1004 591 1077 634 uene
1103 572 1270 652 quicquum

117 666 126 728 l
149 687 203 731 eos
220 675 372 750 ponatur,
396 692 456 752 quo
479 672 694 753 impediantur
717 672 851 756 olquae¹
875 676 908 737 et
930 695 1028 759 opera
1049 675 1178 758 publica
1200 697 1270 739 cor·

117 777 288 856 mpantur,
319 776 454 862 placere,
478 777 562 841 circa
584 777 689 843 fontes
712 781 745 842 et
766 776 902 842 fornices
926 782 959 843 ot
983 777 1108 844 muros²
1131 783 1269 863 utraque

117 881 236 961 :parte
252 881 366 965 quinos
389 882 487 947 denos
509 882 604 966 podes
627 886 746 966 patere,
770 885 802 946 et
824 883 908 947 circa
930 883 1014 948 rivos
1039 883 1095 968 qui
1110 884 1169 948 sub
1184 887 1271 948 terra

117 986 195 1047 sent
211 987 244 1048 et
258 1007 370 1068 specus
393 987 480 1051 intra
501 988 614 1053 urbem
637 993 669 1053 et
691 986 780 1052 urbi²
804 988 1000 1052 continentia
1022 989 1166 1055 aedificia
1180 993 1270 1053 utra·

117 1110 148 1152 ie
172 1110 212 1153 ex
234 1094 326 1175 parte
350 1092 463 1177 quinos
494 1094 588 1176 pedes
611 1116 727 1158 vacuos
750 1093 889 1177 relinqui
919 1094 982 1172 ita,
1014 1097 1052 1158 ut
1074 1117 1177 1178 neque
1200 1117 1270 1159 mo-

117 1198 276 1258 rmentum
299 1196 334 1260 in
356 1199 384 1261 is
404 1198 481 1263 loeis
505 1221 608 1282 neque
631 1199 809 1263 aedificium
831 1203 906 1282 post
928 1199 989 1264 hoc
1010 1202 1136 1282 tempus
1152 1220 1270 1281 ponere

117 1319 189 1382 sque
217 1321 381 1371 conserere
413 1303 542 1367 arbores
576 1303 701 1368 liceret:
737 1303 765 1367 si
798 1325 878 1387 quae
901 1325 986 1367 nuno
1009 1307 1114 1368 essent
1141 1306 1270 1370 arbores

117 1405 174 1467 tra
196 1404 230 1469 id
253 1407 404 1492 spatium,
428 1409 657 1488 exciderentur,
680 1413 905 1493 praeterquam
927 1409 955 1473 si
979 1431 1060 1493 quae
1083 1410 1178 1474 villae
1194 1432 1270 1475 con-

117 1513 228 1574 nentes
252 1516 284 1577 et
298 1513 438 1578 inclusae
455 1514 606 1579 aedificiis
629 1518 742 1580 essent.
779 1513 813 1579 si
830 1514 901 1598 quis
925 1514 1074 1579 advorsus
1098 1536 1134 1579 ea
1149 1515 1270 1579 conmi-

117 1615 179 1696 rit,
210 1617 246 1680 in
275 1619 417 1704 singulas
444 1643 494 1685 res
525 1642 629 1704 poena
652 1618 709 1684 Hs
731 1619 812 1683 dena
834 1618 924 1683 milia
945 1621 1059 1697 essent,
1093 1620 1271 1703 exquibus

117 1743 160 1784 crs
184 1722 317 1795 dimidia
338 1726 517 1809 praemium
540 1724 717 1805 accusatori
740 1724 880 1804 daretur,
902 1722 991 1787 ouius
1015 1745 1111 1808 opera
1133 1725 1270 1788 maxime

117 1825 250 1892 nvictus
283 1833 365 1894 esset
388 1829 443 1914 qui
466 1830 615 1893 adversus
637 1828 698 1892 hoo
721 1825 789 1891 S.O.
814 1827 1029 1905 conmisisset,
1059 1849 1134 1910 pars
1162 1832 1270 1892 autem

117 1930 219 1995 midia
234 1933 268 1995 in
285 1935 442 2007 aerarium
460 1933 674 2018 redigeretur3
710 1931 811 2016 dequo
845 1953 881 1995 ea
915 1955 949 1996 re
981 1932 1158 1996 iudicarent
1194 1955 1270 2018 cog-

117 2041 316 2123 ›scerentque
337 2045 498 2105 curatores
521 2059 688 2122 aquarum.

301 2216 350 2280 12.
385 2213 449 2280 SC.
473 2215 683 2280 demenso
706 2211 904 2297 Augusto
938 2235 966 2276 a.
991 2212 1065 2277 746.

163 2383 369 2456 (Macrobioe,
396 2382 458 2443 Sol.
480 2385 622 2453 1,12,35:
653 2379 813 2455 Augustus
844 2377 949 2436 deinde
976 2378 1111 2455 (mensis)
1133 2381 1188 2450 est,
1216 2384 1269 2455 qui

117 2476 205 2536 stilis
227 2481 318 2537 antea
337 2479 507 2549 vocabatur,
529 2478 622 2537 donec
643 2477 747 2537 honori
761 2476 893 2553 Augusti
908 2474 1030 2533 daretur
1044 2496 1079 2534 ex
1090 2476 1168 2547 SO.⁴,
1183 2478 1269 2536 cuius

117 2574 179 2633 urba
200 2575 313 2634 subieci
324 2577 344 2650 :)

173 2671 256 2739 Cum
279 2674 454 2758 imperator
476 2672 591 2738 Caesar
614 2671 781 2757 Augustus
808 2692 915 2735 mense
937 2669 1050 2735 Sextili
1073 2674 1105 2734 et
1126 2670 1268 2754 primum

117 2778 288 2843 nsulatum
319 2779 429 2844 inierit
459 2783 491 2844 et
514 2777 696 2862 triumphos
725 2780 790 2840 tres
814 2775 847 2838 in
870 2774 982 2838 urbem
1006 2775 1154 2839 intulerit
1176 2780 1209 2839 ot
1232 2799 1270 2840 ex

117 2885 232 2949 ‚niculo
263 2885 404 2970 legiones
436 2887 588 2950 deductae
611 2887 801 2966 secutaeque
830 2881 896 2945 sint
918 2879 985 2944 eius
1009 2880 1150 2963 auspicia
1172 2903 1209 2944 ac
1231 2881 1270 2944 fi-

117 3013 165 3069 rm,
189 2991 247 3055 sed
270 2994 302 3055 et
325 2990 495 3077 Aegyptus
517 2990 581 3054 hoc
604 3010 712 3053 mense
735 2987 769 3050 in
788 2988 981 3069 potestatem
1004 2985 1116 3069 populi
1133 2984 1271 3051 Romani

117 3096 218 3160 electa
240 3096 284 3161 sit
307 3097 443 3181 finisque
465 3097 526 3160 hoc
549 3117 657 3159 mense
681 3092 775 3157 bellis
799 3090 946 3156 civilibus
969 3090 1128 3173 inpositus
1144 3092 1197 3170 sit,
1221 3096 1271 3154 at-

117 3223 145 3265 ιθ
168 3201 212 3266 ob
236 3201 296 3265 has
319 3224 430 3267 causas
458 3202 512 3266 hio
536 3201 653 3266 mensis
677 3197 754 3262 huic
775 3196 910 3279 imperio
934 3194 1137 3259 felicissimus
1170 3197 1271 3258 sitae

118 3307 192 3388 erit,
216 3306 343 3390 placere
365 3310 500 3388 senatui,
525 3313 561 3372 ut
583 3307 637 3370 hic
659 3303 777 3369 mensis
801 3303 967 3386 Augustus
990 3298 1195 3381 appelletur⁶.

437 3477 488 3542 13.
526 3475 589 3541 SC.
615 3477 662 3542 de
684 3475 920 3561 collegiisl.

165 3615 412 3690 (superesse.
434 3618 470 3675 de
491 3618 622 3690 colleplc's
644 3617 729 3674 titulo
751 3613 1035 3688 collepc'c'Louuoluc'
1055 3614 1200 3671 insertum
1219 3618 1269 3684 est,

117 3729 171 3770 um
191 3714 343 3786 inteprwm
363 3731 389 3770 o.
410 3715 488 3772 later
509 3713 663 3786 Nepotis.)

158 3931 184 4002 1)
204 3932 254 4002 [In
266 3932 355 3988 codice
372 3934 469 3988 omissa
487 3933 693 3987 adsentantium
711 3931 821 3999 espleoc'.
846 3929 895 3983 Tri.
906 3929 955 3999 Μ]
974 3959 1006 3967 ——
1026 3929 1055 3996 2)
1073 3929 1154 3982 extra
1173 3927 1270 3981 urbem

117 4020 217 4074 :adase
234 4021 318 4075 credit
336 4022 436 4077 Bueeh.
455 4052 491 4061 -
510 4021 535 4090 3)
554 4021 601 4074 Ita
612 4020 712 4074 Bacch.
729 4036 797 4088 pro:
825 4020 855 4073 et
873 4021 953 4072 extra
971 4016 1078 4070 urbem.
1095 4046 1131 4055 -
1148 4017 1176 4086 4)
1194 4015 1272 4069 Anni

117 4109 139 4159 [6
156 4125 210 4163 esse
227 4108 283 4163 SO..
317 4108 392 4165 Ocres.
410 4110 485 4165 ded.
504 4114 560 4163 not.
579 4112 615 4162 22
634 4108 705 4162 deut.
737 4107 779 4176 Of.
799 4106 871 4161 Suet.
892 4105 948 4161 Oct.
965 4108 1007 4171 31,
1035 4103 1170 4168 Dusae.
1191 4134 1222 4141 -
1243 4105 1269 4172 5)

117 4193 177 4249 lucr.
195 4197 287 4251 addit.-
304 4197 378 4251 Item
391 4196 570 4267 plebiscitum
590 4197 698 4250 fuctum
718 4197 753 4250 ob
765 4194 883 4250 eandem
896 4211 955 4247 rem
967 4193 1019 4245 Sex
1035 4191 1156 4246 Pacuvio
1175 4193 1210 4246 tr.
1229 4191 1269 4260 pl.

117 4285 214 4351 >ganto
236 4317 265 4323 ——
286 4288 312 4351 6)
331 4286 454 4356 Aupusto
473 4286 523 4339 hoc
541 4284 592 4338 SO.
612 4285 745 4339 adtribuit
764 4283 821 4336 Mo.
841 4283 873 4335 de
891 4281 1008 4350 callepio
1022 4296 1051 4348 p.
1070 4281 1113 4331 81.
