2940 4996
139 308 203 372 406
663 300 793 356 Isidorus.

139 481 265 545 iudiciis
288 480 454 567 diceretur,
481 477 607 542 librarii
629 480 804 545 scriberent
826 479 1004 564 complures
1027 480 1124 546 simul
1147 481 1314 556 adstantes,

146 585 255 649 divisis
278 574 362 649 inter
385 606 418 648 se
440 583 596 668 partibus,
620 588 699 668 quot
722 580 856 669 quisque
878 586 975 650 verba
997 590 1030 651 et
1053 609 1117 671 quo
1133 587 1246 651 ordine
1267 609 1315 651 ex-

145 693 271 775 ciperet.
318 689 439 754 Romae
460 689 582 772 primus
606 687 730 753 Tullius
753 688 845 769 Tiro,
870 688 1030 755 Ciceronis
1052 691 1206 769 libertus,
1236 713 1315 755 com·

140 799 304 859 mentatus
328 798 375 858 est
397 797 501 872 notas,
526 792 580 857 sed
602 796 729 857 tantum
751 796 1031 878 praepositionum.
1079 796 1109 860 2.
1149 795 1229 861 Post
1251 819 1314 860 eum

140 899 318 983 Vipsanius
341 898 552 982 Philargyrus
577 901 608 961 et
624 897 752 982 Aquila,
774 898 908 964 libertus
924 899 1128 981 Maecenatis,
1146 901 1229 966 alius
1244 901 1313 966 alias

143 1004 351 1081 addiderunt;
388 1003 499 1067 deinde
529 1001 646 1068 Seneca
670 1041 708 1049 -
739 1003 842 1069 effecit
874 1027 953 1089 opus
983 1007 1016 1070 in
1048 1008 1192 1092 quinque
1224 1007 1311 1071 milia.

144 1107 249 1173 Notae
272 1113 378 1172 autem
401 1109 504 1172 dictae
527 1131 578 1188 eo,
611 1109 695 1193 quod
718 1110 815 1174 verba
837 1109 887 1175 vel
910 1111 1049 1194 syllabas
1072 1111 1224 1196 praefixis
1245 1111 1311 1175 cha-

147 1213 322 1278 racteribus
345 1216 458 1277 notent
488 1217 519 1277 et
542 1213 581 1276 ad
604 1213 753 1277 notitiam
775 1213 951 1298 legentium
973 1220 1132 1295 revocent,
1165 1238 1244 1301 quas
1266 1215 1312 1299 qui

149 1319 327 1383 didicerunt
349 1318 477 1402 proprie
498 1317 562 1382 iam
584 1319 701 1382 notarii
724 1320 963 1403 appellantur.¹.

86 1536 89 1541 '
145 1552 278 1594 suorum
302 1533 397 1593 notae
419 1533 504 1608 sunt,
527 1551 590 1612 quo
613 1530 743 1613 scriptio
764 1530 873 1595 celeris
888 1531 1077 1615 breviorque
1092 1531 1161 1596 fiat.
1197 1528 1310 1594 Scribe·

144 1636 224 1699 bant
247 1638 354 1697 autem
375 1634 465 1697 verbi
487 1635 592 1718 gratia
615 1656 671 1718 per
694 1633 721 1697 Β
745 1640 776 1699 et
794 1634 820 1698 F
845 1637 974 1700 ‘bonum
996 1638 1140 1716 factum',
1165 1659 1222 1720 per
1244 1634 1264 1699 S
1284 1638 1309 1699 et

146 1739 169 1803 0
200 1741 339 1802 ‘senatus
362 1738 567 1818 consultum',
597 1761 655 1823 per
677 1738 707 1802 R
730 1737 810 1803 etP
842 1744 901 1804 ‘res
924 1740 1077 1823 publica',
1108 1763 1166 1824 per
1189 1740 1216 1805 P
1238 1739 1309 1806 etR

148 1845 294 1927 ‘populus
318 1841 502 1922 Romanus’,
525 1866 581 1927 per
602 1843 632 1906 D
655 1843 728 1907 ctT
752 1844 951 1923 ‘dumtaxat',
974 1867 1030 1928 per
1046 1846 1195 1929 supinam
1216 1861 1242 1914 ll
1264 1845 1309 1908 lit·

145 1953 247 2013 teram
271 1948 416 2028 ‘mulier',
439 1970 496 2031 per
512 1947 538 2012 P
555 1948 731 2012 'secundum
746 1953 895 2012 naturam
911 1949 1082 2033 ‘pupillus'‚
1099 1972 1157 2033 per
1172 1948 1199 2013 P
1214 1970 1309 2014 averso

144 2054 247 2137 capite
271 2052 424 2136 ‘pupilla',
458 2075 515 2136 per
537 2075 637 2116 unum
660 2053 691 2116 K
715 2053 846 2136 ‘kaput',
871 2075 927 2137 per
950 2055 1011 2118 duo
1034 2054 1097 2118 KK
1120 2054 1231 2119 iuncta
1252 2055 1309 2117 ‘lra-

144 2160 284 2223 lumniae
316 2160 439 2237 kausa',
472 2181 528 2241 per
550 2157 566 2222 I
589 2158 671 2223 etll
703 2159 807 2223 ‘iudex
834 2162 922 2238 esto'‚
952 2180 1008 2244 per
1030 2158 1059 2222 D
1083 2162 1116 2223 et
1138 2158 1173 2222 M
1205 2158 1309 2224 ‘dolum

147 2261 303 2329 malum't
350 2265 379 2328 2.
413 2262 509 2327 Cuius
532 2264 658 2347 generis
680 2263 837 2346 plurimae
859 2264 1038 2328 consimiles
1061 2267 1158 2328 notae
1182 2264 1217 2327 in
1232 2263 1309 2328 libris

147 2370 287 2453 antiquis
310 2370 525 2433 inveniuntur.
571 2368 639 2432 Has
661 2369 739 2433 iuris
762 2372 855 2434 notas
877 2369 993 2433 novicii
1013 2368 1221 2451 imperatores
1237 2389 1309 2431 aco·

147 2475 268 2539 dicibus
291 2475 399 2558 legum
423 2474 593 2538 abolendas
615 2476 798 2552 sanxerunt,
824 2473 899 2558 quia
915 2473 1033 2537 multos
1056 2495 1114 2556 per
1134 2472 1194 2536 has
1217 2470 1309 2536 callidi

147 2581 277 2664 ingenio
305 2580 491 2663 ignorantes
515 2579 727 2662 decipiebant,
761 2582 858 2662 atque
888 2579 935 2641 ita
957 2578 1120 2642 iusserunt
1142 2578 1309 2642 scribendas

147 2685 180 2747 in
204 2685 329 2769 legibus
353 2684 486 2762 litteras,
519 2687 556 2747 ut
578 2683 683 2747 nullos
706 2706 841 2762 errores,
872 2684 978 2747 nullas
1002 2683 1153 2769 ambages
1177 2683 1308 2758 afferant,

149 2792 202 2854 sed
225 2790 384 2873 sequenda
407 2793 439 2852 et
461 2789 592 2852 vitanda
615 2791 723 2871 aperte
746 2775 971 2853 demonstrent.

236 2894 263 2956 V
290 2895 319 2973 l,
344 2896 373 2957 5.
418 2893 518 2977 Leges
540 2931 583 2937 —
606 2893 749 2976 redigere
771 2894 805 2957 iu
827 2894 917 2958 libris
944 2893 1069 2977 primus
1093 2893 1203 2957 consul
1229 2891 1307 2956 Pom·

148 3001 236 3084 peius
257 3000 423 3063 instituere
438 2998 549 3077 voluit,
566 2998 618 3062 sed
634 3020 698 3061 nou
714 2999 935 3082 perseveravit,
953 2999 1208 3062 obtrectatorum
1224 3001 1304 3061 metu.

148 3106 269 3170 Deinde
293 3103 408 3168 Caesar
430 3104 535 3186 coepit
555 3103 588 3166 id
611 3102 725 3179 facere,
749 3104 802 3167 sed
826 3108 900 3168 ante
921 3104 1108 3168 interfectus
1132 3107 1190 3167 est.

149 3245 269 3299 rundam
296 3260 388 3298 rerum
418 3259 451 3296 ex
474 3241 576 3296 veteris
600 3241 727 3296 lectionis
745 3240 937 3297 recordatione
960 3242 1109 3296 collectum
1129 3243 1214 3310 atque
1230 3237 1303 3294 itain

149 3332 318 3404 quibusdam
345 3329 412 3385 locis
438 3331 620 3393 annotatum,
651 3329 722 3383 sicut
748 3331 840 3383 exstat
865 3329 1053 3399 conscriptum
1081 3330 1148 3384 stilo
1176 3329 1301 3383 maiorum.

149 3421 227 3491 Quod
243 3427 274 3475 ui
291 3420 367 3473 rudis
385 3419 566 3487 indipesiaqne
583 3424 621 3471 est
638 3418 725 3480 males,
744 3433 807 3470 aera
820 3416 904 3484 falu's
922 3418 1036 3485 antipam
1054 3418 1131 3470 nouis
1147 3419 1258 3481 miscam,
1273 3415 1301 3466 iu

150 3511 179 3562 iu
197 3510 233 3561 eis
247 3508 381 3576 partibus,
400 3522 468 3573 quae
486 3506 522 3558 ad
539 3507 582 3558 ina
594 3506 737 3573 pertinent,
757 3507 830 3558 omni
848 3511 919 3558 caret
936 3505 1044 3559 iudicio.
1075 3506 1175 3559 Tamen
1183 3502 1300 3563 nonnula

150 3613 217 3664 quae
235 3613 268 3648 aa
284 3601 400 3649 ueterum
417 3594 493 3646 libris
511 3610 583 3646 nunc
601 3593 742 3661 deperditis
760 3594 896 3661 encarpsit,
916 3593 998 3661 dipna
1016 3593 1146 3655 uidemur,
1166 3609 1231 3660 quac
1245 3588 1301 3643 Iun

150 3684 227 3737 badia
252 3683 288 3735 ud
305 3698 414 3734 manum
432 3682 493 3734 aiut.
530 3681 699 3748 Summopare
723 3687 761 3734 ast
779 3681 933 3746 dolendum,
963 3681 1035 3748 quad
1046 3679 1152 3747 fontes,
1181 3696 1212 3732 aa
1227 3676 1300 3746 artabu

151 3771 277 3836 hauserit,
297 3785 428 3836 nusquam
447 3767 569 3833 adaram
593 3773 624 3821 ut
642 3784 675 3820 ne
692 3767 741 3820 bac
758 3768 862 3835 quidem
880 3769 1002 3830 amamus,
1024 3785 1089 3820 num
1107 3767 1249 3821 lautiniani
1262 3761 1300 3815 Di

149 3860 229 3928 pestis
253 3874 318 3911 usus
340 3859 381 3911 sit.
421 3855 462 3924 Cf.
482 3855 614 3923 Sauipnp,
641 3855 731 3908 Gcscb.
752 3856 776 3908 at.
796 3855 831 3908 R.
850 3855 884 3908 R.
904 3857 941 3908 im
960 3855 1032 3908 Mau.
1051 3858 1162 3920 2,74‚75.
1197 3851 1300 3911 Dirtsea

151 3945 255 3998 bintml.
276 3943 421 4012 Schriften,
440 3944 561 4012 berauap.
579 3960 603 3997 a.
623 3942 715 3996 Sunio.
735 3947 815 4009 1,]85Δ
852 3944 948 3996 Editio
966 3945 1110 3996 nouissima
1128 3950 1166 3997 est
1179 3937 1300 3996 onaan

151 4033 332 4085 Lindemauui
356 4021 425 4098 corp.
443 4036 583 4100 prummat.
603 4031 648 4083 lat.
672 4030 701 4082 T.
722 4031 873 4097 11118385
899 4031 993 4084 melius
1010 4038 1099 4085 autem
1118 4037 1215 4085 textum
1230 4039 1298 4081 raam·

151 4120 206 4173 suit
223 4118 356 4171 Areualus
372 4119 402 4170 in
420 4117 458 4170 ed.
478 4134 537 4185 opp.
557 4118 622 4172 Isid.
644 4118 673 4170 T.
693 4118 746 4171 111
762 4124 786 4172 et
798 4119 848 4172 IV.
874 4119 1061 4174 Romae1797.

241 4208 266 4273 l)
286 4204 327 4272 Of.
346 4205 383 4259 D.
400 4209 504 4271 29,1,40
517 4223 576 4273 pr.;
595 4209 738 4273 40‚5,41,3;
756 4209 889 4273 50,13,1,5.
917 4241 949 4249 -
975 4207 1002 4276 2)
1024 4206 1064 4272 Of.
1091 4206 1147 4259 Val.
1168 4198 1298 4258 maante

152 4296 223 4348 notis
240 4293 367 4360 antiquis,
385 4293 424 4346 ed.
443 4293 598 4347 Mommsen.
625 4297 698 4346 1853.
736 4293 888 4360 (Hmcbte,
906 4296 958 4347 iur.
978 4299 1034 4348 ant.
1048 4311 1077 4361 p.
1097 4295 1152 4359 68.)
1189 4292 1299 4345 amna

153 4381 295 4436 laterculos
313 4380 351 4433 eat.
371 4379 427 4434 Ma.
447 4382 477 4432 in
495 4379 642 4436 Grammat.
661 4383 708 4435 lat.
727 4380 766 4435 ed.
786 4380 858 4448 Keil,
876 4383 1048 4448 enea-352.
