2940 4996
240 1036 296 1119 llll
324 1029 646 1117 Prfflruouu
673 1032 907 1120 llDIlIllllIS
935 1033 1191 1121 SECUNDAE.

214 1441 255 1551 ln
279 1481 461 1548 edomanda
491 1481 587 1547 huius
610 1480 805 1546 collectionis
827 1503 911 1547 noua
932 1483 1070 1550 editione
1092 1484 1207 1568 prioris
1229 1485 1305 1551 fun-

154 1617 287 1696 damenta,
310 1636 370 1680 usu
393 1612 607 1696 comprobata,
630 1612 796 1677 retinenda
819 1613 944 1691 censui3
967 1618 1106 1680 ceterum
1126 1617 1160 1681 id
1183 1619 1245 1703 egi,
1268 1623 1306 1684 ut

154 1735 271 1805 addendo
301 1741 333 1804 et
356 1736 551 1802 emendando
581 1736 672 1819 quasi
704 1736 852 1800 manuale
884 1737 1043 1820 quoddam
1065 1739 1204 1805 fontium
1225 1741 1305 1806 iuris

153 1863 255 1948 antiqui
284 1881 385 1944 usque
417 1859 456 1923 ad
479 1858 639 1923 saeculum
670 1859 801 1924 tertium
831 1882 861 1943 p.
886 1857 961 1924 Chr.
985 1884 1016 1926 n.
1042 1885 1126 1928 nunc
1148 1886 1304 1948 pararem.

151 1983 262 2050 ltetiuui
283 1984 386 2070 igitur
408 1981 507 2046 trium
522 1982 662 2065 partium
678 1981 934 2067 dispositionem:
958 1984 1075 2070 legum,
1091 1987 1304 2071 negotiorum,

149 2108 328 2192 scriptorum.
374 2104 495 2170 Earum
518 2108 625 2169 autem
647 2103 681 2169 in
703 2104 850 2189 primam,
874 2109 1000 2189 praeter
1020 2105 1128 2193 legum
1145 2109 1306 2194 regiarum

149 2234 175 2294 et
194 2229 249 2296 XII
269 2229 454 2295 tabularum
477 2225 637 2310 reliquias,
661 2248 746 2292 nunc
768 2225 865 2313 leges,
889 2249 970 2311 quae
992 2230 1119 2314 proprie
1135 2231 1180 2296 sic
1196 2232 1307 2315 appel-

148 2353 290 2435 labantur,
314 2374 422 2417 omnes
445 2349 574 2415 omnino
597 2349 710 2433 recepi,
736 2371 871 2432 quarum
893 2350 991 2415 verba
1013 2352 1153 2436 genuina
1176 2357 1232 2418 aut
1255 2354 1305 2418 in·

149 2476 357 2560 scriptionibus
381 2476 437 2538 aut
460 2473 550 2538 libris
573 2472 665 2538 nobis
688 2472 807 2537 tradita
830 2477 915 2553 sunt,
938 2477 976 2537 ut
991 2496 1055 2537 uno
1072 2474 1164 2557 quasi
1178 2474 1213 2538 in
1229 2497 1305 2540 con·

148 2603 244 2682 spectu
271 2597 407 2683 perspici
438 2600 534 2682 atque
562 2596 647 2661 inter
678 2619 711 2661 se
739 2597 917 2679 comparari
939 2596 1082 2680 possint;
1112 2597 1307 2682 eandemque

148 2724 259 2784 secutis
287 2720 444 2784 rationem
475 2717 573 2782 etiam
603 2721 731 2782 senatus
760 2717 906 2783 consulta
935 2719 1056 2798 omnia,
1091 2741 1171 2803 quae
1195 2720 1235 2785 ad
1257 2720 1306 2785 ius

148 2843 303 2926 pertinent,
328 2841 436 2906 adieci.
481 2840 510 2906 E
533 2842 644 2907 ceteris
668 2845 796 2906 senatus
811 2842 964 2907 consultis
986 2841 1127 2928 itemque
1142 2866 1180 2907 er
1196 2843 1306 2908 edictis

147 2964 310 3051 privilegiis
333 2964 461 3029 nonnisi
484 2964 672 3050 gravissima
696 2986 850 3050 quaeque,
873 2965 991 3030 artiore
1008 2965 1135 3030 vinculo
1151 2988 1224 3031 cum
1238 2967 1307 3031 iure

147 3087 310 3168 coniuncta,
334 3086 447 3171 recepi.

225 3211 299 3277 Pars
321 3211 459 3276 secunda
481 3211 588 3276 omnia
610 3234 694 3277 nunc
710 3213 852 3277 continet
867 3211 1006 3297 negotia,
1031 3231 1111 3295 quae
1124 3210 1307 3294 inscriptio·

146 3334 231 3400 nibus
258 3335 348 3400 nobis
376 3334 496 3398 tradita
518 3338 593 3399 sunt
615 3358 715 3420 usque
738 3336 776 3400 ad
799 3335 959 3400 saeculum
982 3332 1122 3399 tertium.
1169 3331 1307 3397 Additae

146 3462 213 3522 sunt
233 3458 399 3523 titulorum
424 3458 622 3542 quorundam
644 3459 868 3543 sepulcralium
898 3461 1005 3542 partes
1028 3457 1067 3520 ad
1089 3456 1139 3520 ius
1160 3455 1307 3540 negotia-

147 3603 201 3663 que
220 3580 323 3645 oivilia
345 3583 533 3665 spectantes.

225 3702 331 3769 Tertia
352 3726 426 3788 pars
449 3711 536 3768 certa
558 3705 682 3769 ratione
704 3704 860 3789 certisque
883 3703 1000 3770 finibus
1023 3701 1237 3767 circumscribi
1252 3701 1307 3766 vix

144 3830 247 3908 potest.
293 3826 469 3912 Scriptores
491 3827 570 3891 iuris
592 3827 753 3891 consultos
775 3849 905 3910 prorsus
920 3827 1023 3906 omisi,
1046 3848 1118 3890 cum
1133 3824 1306 3910 separatim

143 3946 212 4011 editi
240 3949 304 4012 sint
334 3949 368 4012 in
392 3947 550 4012 Huschkii
580 3947 829 4031 iurisprudentia
852 3948 1109 4012 anteiustiniana.
1157 3948 1207 4012 Ex
1230 3945 1306 4011 reli-

144 4071 206 4154 quis
227 4075 335 4136 autem
356 4072 538 4137 auctoribus
554 4072 739 4137 remotiores
755 4074 883 4135 tantum
898 4070 1059 4154 exscripsi,
1084 4071 1140 4156 qui
1155 4070 1307 4135 maiorem

142 4195 292 4276 quandam
318 4194 353 4258 in
383 4194 462 4258 iuris
493 4194 637 4259 doctrina
664 4193 785 4257 habent
809 4192 1040 4258 auctoritatem.
1088 4189 1206 4266 Quodsi
1229 4215 1305 4257 vero

141 4317 204 4401 quis
226 4318 327 4396 dicat,
360 4317 456 4381 etiam
478 4318 557 4382 alios
580 4316 678 4380 fuisse
700 4315 913 4400 recipiendos,
946 4314 1064 4380 aliosve
1086 4337 1124 4381 ex
1147 4315 1186 4380 iis
1209 4315 1306 4388 fuisse
