2954 5010
547 1177 668 1262 PARS
696 1176 921 1262 SECUNDA.

504 1396 546 1488 N
575 1395 615 1487 E
645 1393 690 1489 G
717 1393 760 1488 Ο
788 1397 827 1486 Τ
856 1395 879 1486 Ι
906 1396 964 1487 Α.

631 1635 789 1708 CAPUT
817 1635 846 1709 Ι.

188 1835 327 1918 seete
356 1837 516 1919 olem
544 1835 914 2040 Rfliigsiiiiisum
945 1836 1152 1920 stolaeve
1182 1839 1273 1922 usu!

217 2149 330 2219 [Legem
357 2153 388 2204 ut
414 2169 480 2206 suae
507 2151 548 2207 rei
572 2151 663 2221 quivis
684 2153 759 2206 recte
778 2150 846 2205 dicit
866 2150 942 2221 (Dap.
956 2153 1112 2219 23,4,20,1)‚
1141 2152 1186 2206 ita
1205 2154 1309 2223 populus

146 2253 256 2304 quoque
274 2236 319 2291 vel
337 2237 453 2306 quaevis
472 2256 517 2294 res
538 2237 652 2308 publica
672 2239 708 2293 ad
727 2237 825 2308 populi
844 2237 1059 2292 similitudinem
1079 2240 1251 2308 constituta,
1276 2259 1312 2295 ne

146 2340 201 2391 que
230 2323 288 2379 fere
306 2324 393 2380 dictio
411 2343 445 2380 ea
463 2344 480 2380 a
497 2327 612 2396 privata
630 2326 735 2381 recedit
753 2325 806 2379 nisi
825 2325 856 2379 in
874 2325 956 2379 rebus
975 2324 1116 2381 communi
1134 2343 1246 2383 sacrove
1263 2328 1312 2381 usui

147 2410 305 2466 destinatis.
343 2413 418 2467 Nam
443 2431 516 2483 quae
542 2415 641 2484 populi
659 2415 725 2468 sunt
749 2413 794 2468 vel
813 2412 926 2480 collegii
945 2413 1103 2482 corporisve
1121 2415 1310 2485 cuiuscumque,

146 2498 181 2552 iis
206 2501 367 2570 saepissime
395 2502 545 2556 secundum
573 2504 664 2557 certas
694 2501 770 2570 leges
798 2503 848 2552 aut
866 2516 962 2555 omnes
990 2501 1112 2555 utuntur
1141 2504 1193 2557 aut
1213 2502 1310 2572 aliquod

148 2587 294 2641 hominum
312 2606 414 2658 genus;
439 2589 469 2643 id
494 2589 568 2658 quod
592 2587 660 2642 iuris
684 2587 790 2657 privati
814 2587 883 2642 fines
901 2587 1018 2642 excedit.
1055 2586 1213 2658 Supersunt
1230 2594 1309 2645 auten

149 2692 205 2730 non
223 2693 314 2744 pauca
333 2676 391 2731 eius
409 2676 519 2746 generis
537 2676 735 2742 instrumenta,
754 2692 826 2744 quae
847 2693 910 2729 cum
924 2675 959 2728 ad
971 2675 1045 2730 hano
1062 2676 1195 2747 syllogen
1213 2679 1309 2734 omnino

149 2761 324 2830 pertineant,
352 2781 408 2832 quo
425 2763 486 2819 loco
504 2762 679 2831 potissimum
699 2763 868 2818 collocentur
887 2761 1013 2816 dubitari
1031 2765 1140 2831 potest;
1165 2766 1212 2820 sed
1233 2764 1307 2834 magis

146 2849 262 2919 placuit,
292 2852 324 2904 ut
341 2850 416 2904 inter
434 2851 549 2920 privata
569 2851 759 2904 instrumenta
781 2849 960 2915 referrentur,
989 2866 1051 2904 cum
1070 2867 1232 2922 aequoque
1250 2867 1308 2922 quas

148 2938 245 3006 populi
275 2940 341 2991 sunt
358 2954 450 2993 esseve
470 2939 601 2993 videntur
623 2941 757 2994 nontam
776 2956 793 2992 a
814 2937 926 3007 publico
945 2937 1005 2992 iure
1029 2937 1177 3006 pendeant
1202 2955 1306 3010 quana

147 3025 188 3078 rei
211 3024 342 3081 dominio.
379 3026 410 3079 ld
429 3025 585 3080 luculenter
603 3026 727 3080 ostendit
754 3025 829 3080 inter
847 3024 905 3079 alia
923 3025 968 3080 lex
986 3025 1061 3079 infra
1081 3025 1162 3080 edita
1180 3027 1232 3082 vici
1251 3027 1304 3080 Fur·

147 3111 285 3179 fonensis3
312 3130 379 3166 nam
404 3113 480 3167 vicus
504 3131 567 3167 cum
585 3113 646 3167 iure
663 3113 776 3182 publico
794 3110 919 3180 collegiis
938 3111 1139 3181 aequiparetur
1159 3131 1245 3184 neque
1262 3131 1306 3168 ren

146 3199 289 3267 publicam
311 3200 417 3255 habeat
439 3199 492 3253 nisi
514 3217 547 3255 ea
566 3200 684 3266 ratione,
709 3217 765 3269 qua
782 3199 850 3253 item
869 3199 977 3268 corpori
997 3200 1161 3270 cuicumque
1180 3202 1304 3262 tribuitur,

146 3285 221 3341 hanc
241 3289 333 3357 legem
353 3287 497 3356 privatam
516 3304 573 3341 esse
592 3286 718 3341 dubitari
736 3304 792 3342 non
804 3287 906 3356 potest.
933 3286 973 3340 Ea
993 3289 1089 3341 autem
1108 3305 1139 3343 re
1157 3307 1214 3345 non
1231 3288 1306 3343 differt

148 3375 240 3443 alege
261 3392 347 3444 quam
360 3375 480 3444 populus
500 3376 643 3436 Romanus
660 3375 732 3428 dixit
751 3374 814 3429 viae
828 3375 936 3444 Appiae
954 3377 983 3428 et
996 3374 1106 3444 Appiae
1119 3393 1218 3446 aquae.
1243 3379 1305 3430 Acce

147 3463 190 3515 dit
208 3463 282 3532 quod
301 3463 370 3518 haec
381 3463 477 3532 legum
490 3462 575 3517 dictio
587 3478 759 3530 quamquam
785 3463 846 3517 iure
871 3463 907 3516 ad
933 3463 1068 3533 populum
1097 3467 1208 3533 spectat
1235 3478 1305 3533 neque

148 3551 264 3604 dubium
293 3553 335 3605 est
355 3552 439 3620 ‘leges
458 3551 494 3604 de
513 3549 631 3618 singulis
650 3566 738 3618 aquas
756 3549 840 3603 latas'
858 3549 987 3605 Frontini
1005 3550 1050 3619 (de
1071 3551 1153 3620 aquis
1172 3554 1216 3618 94)
1241 3548 1306 3605 intel·

148 3638 206 3707 legi
229 3638 356 3708 publicas
374 3637 471 3708 populi
495 3635 623 3699 Romani,
652 3631 850 3707 saepenumero
878 3638 1020 3708 perficitur
1047 3637 1147 3693 edictis
1175 3640 1306 3709 magistra

146 3728 228 3779 tuum
246 3725 304 3779 sive
322 3725 420 3794 populi
446 3724 480 3778 de
504 3741 537 3779 ca
561 3740 591 3778 re
615 3723 691 3777 iussu
715 3725 773 3778 sive
798 3742 848 3778 sua
873 3726 1016 3794 potestate
1044 3742 1105 3780 rem
1122 3726 1305 3782 ordinantium.

148 3813 273 3881 Denique
291 3812 435 3868 multoties
462 3811 520 3866 eius
539 3811 649 3880 generis
666 3810 856 3867 instrumenta
883 3828 955 3881 quae
975 3812 1011 3866 ad
1031 3830 1081 3867 nos
1099 3815 1307 3882 pervenerunts

148 3918 272 3970 quonam
286 3899 497 3970 proficiscantur
516 3917 617 3969 parum
636 3901 763 3969 apparet,
782 3899 812 3952 id
830 3900 904 3967 quod
923 3900 999 3955 cadit
1017 3899 1093 3953 inter
1111 3900 1184 3956 alias
1202 3903 1231 3956 in
1249 3902 1307 3970 legs

147 3987 357 4058 antiquissimas
384 3987 548 4042 Lucerinam
576 3986 813 4058 Spoletinamque.
851 3987 950 4057 ltaque
974 3988 1044 4042 haec
1071 3991 1168 4044 omnia
1194 4007 1224 4046 re
1246 3989 1306 4044 certe

151 4076 300 4133 coniuncta
319 4076 371 4130 hoc
388 4075 480 4145 capite
498 4074 635 4144 proposui.
666 4074 821 4130 Potuerunt
840 4075 907 4129 addi
926 4076 1019 4131 edicta
1033 4079 1155 4146 Augusti
1173 4078 1207 4133 de
1226 4091 1309 4148 aquae

147 4163 233 4219 ductu
244 4163 404 4218 Venafrano
415 4163 547 4233 (suprap.
560 4164 622 4231 222)
641 4165 668 4216 et
687 4162 778 4231 ipsum
798 4164 948 4219 conditoris
967 4167 1059 4233 magis
1078 4165 1139 4220 iure
1153 4164 1308 4236 propositum

147 4269 233 4319 quam
248 4250 382 4321 principis
400 4253 429 4305 et
446 4250 477 4305 L.
496 4250 584 4305 Sentii
602 4249 740 4320 praetoris
759 4251 793 4305 de
811 4269 909 4322 campo
928 4253 1072 4322 Esquilino
1093 4255 1191 4324 (supra
1209 4272 1236 4323 p.
1248 4251 1308 4320 lilii

147 4338 195 4394 sed
213 4355 247 4393 ea
265 4338 356 4408 magis
375 4338 466 4393 visum
485 4341 528 4394 est
546 4337 609 4392 aliis
628 4336 769 4407 capitibus
788 4339 952 4408 relinquere.
986 4340 1035 4393 Ta.
1056 4341 1106 4411 M.]
