2954 5010
219 303 261 371 12
711 300 799 370 Leges
816 299 920 369 regiae.

307 483 357 548 19.
401 483 514 547 Dictus
537 481 657 566 (1,19):
691 479 826 567 (Numa)
857 477 998 544 nefastos
1028 476 1094 542 dies
1124 475 1289 562 fastosque
1310 477 1397 562 fecit,

218 591 294 675 quia
317 589 489 673 aliquando
511 586 594 651 nihil
615 609 688 651 cum
710 587 829 670 populo
852 585 906 670 agi
929 582 1008 648 utile
1030 582 1177 647 futurum
1200 587 1278 650 erat.

543 761 602 827 III.
641 758 808 827 TULLUS
831 756 1067 831 HOSTILIUS.

307 905 336 968 l.
370 901 475 970 (bocru
500 902 551 986 (de
566 923 629 984 rep.
645 901 754 983 am:
788 899 929 984 (Tullus)
954 899 1121 964 constituit
1142 898 1203 980 ius,
1227 921 1291 984 quo
1313 899 1400 965 bella

219 1010 445 1089 indicerentur,
468 1008 552 1093 quod
576 1043 618 1052 -
641 1006 748 1070 sanxit
769 1004 873 1070 fetiali
895 1003 1060 1090 religione,
1090 1007 1128 1068 ut
1150 1027 1243 1069 omne
1265 1004 1399 1087 bellum,

223 1115 308 1200 quod
331 1115 554 1179 denuntiatum
576 1113 793 1196 indictumque
815 1133 880 1175 non
903 1114 993 1188 esset,
1025 1110 1058 1175 id
1080 1111 1235 1175 iniustum
1259 1132 1326 1177 esse
1349 1116 1400 1177 at-

220 1244 280 1305 que
302 1220 436 1304 impium
458 1218 661 1284 iudicaretur.

306 1327 336 1391 2.
360 1326 472 1390 Diebus
489 1324 613 1406 (1,26):
636 1322 705 1388 Rex
728 1322 868 1406 (Tullus)
887 1359 932 1370 -
946 1317 1169 1402 ‘Duumviros',
1191 1321 1308 1406 inquit,
1331 1319 1399 1407 ‘qui

221 1431 358 1496 Horatio
389 1429 638 1515 perduellionem
668 1428 825 1509 iudicent,
859 1428 1030 1494 secundum
1058 1429 1162 1513 legem
1183 1424 1286 1492 facio'.
1331 1425 1400 1493 Lex

219 1537 373 1601 horrendi
396 1536 545 1600 carminis
569 1539 654 1600 erat:
676 1533 855 1600 ‘Duumviri
877 1533 1125 1619 perduellionem
1147 1533 1305 1597 iudicent:
1328 1533 1357 1598 si
1378 1557 1400 1598 a

222 1641 398 1706 duumviris
429 1641 627 1725 provocarit,
657 1640 881 1725 provocatione
909 1643 1046 1705 certato:
1080 1639 1108 1703 si
1135 1639 1273 1719 vincent,
1302 1642 1402 1723 caput

220 1746 385 1827 obnubilo,
408 1746 528 1811 infelici
549 1747 657 1810 arbori
679 1749 761 1810 reste
787 1744 1004 1830 suspendito,1
1037 1747 1202 1811 verberato
1232 1744 1283 1811 vel
1310 1744 1399 1808 intra

200 1852 394 1936 'pomerium
417 1852 467 1916 vel
490 1856 580 1917 extra
602 1838 817 1937 pomerium'.²

307 1959 338 2022 3.
361 1956 460 2022 Βίου.
477 1957 621 2042 (3,22).·³
646 1958 710 2021 ἔστι
734 1957 768 2020 δὲ
791 1958 845 2020 καί
868 1955 963 2040 νόμος
977 1993 1015 2003 —-
1034 1954 1072 2020 δι’
1086 1955 1189 2019 ἐκεῖνο
1214 1953 1288 2042 (τῶν
1303 1954 1401 2042 Ὁρα-

220 2061 306 2146 τίων)
331 2062 489 2145 κυρωθεὶς
521 2063 702 2146 τὸπάθος,
735 2064 837 2148 ᾧκαί
860 2063 903 2138 εἰς
926 2063 981 2147 ἐμὲ
1003 2071 1157 2148 χρῶνται,
1180 2097 1225 2110 -
1246 2061 1401 2147 κελεύων,

220 2168 264 2242 οῖς
293 2169 330 2231 ἂν
353 2167 504 2251 γένωνται
533 2167 674 2252 τρίδυμοι
705 2168 831 2251 παῖδες,
864 2168 903 2232 ἐκ
932 2175 988 2231 τοῦ
1019 2167 1168 2254 δημοσίου
1200 2168 1256 2242 τὰς
1278 2171 1400 2252 τροφὰς

221 2280 282 2336 τῶν
306 2272 425 2336 παίδων
448 2274 656 2359 χορηγεῖσθαι
679 2272 771 2358 μέχρι
792 2272 880 2360 ἥβης.

307 2377 337 2444 4.
371 2379 469 2445 Diou.
493 2379 643 2464 (3,3()).·4
665 2388 789 2454 τοῖς-
804 2378 936 2462 ἑταίροις
959 2381 1055 2442 αὐτοῦ
1080 2378 1148 2465 (τοῦ
1171 2377 1320 2467 Μεττίου)
1345 2382 1402 2444 καί

219 2484 372 2548 συνειδόσι
398 2488 453 2570 τὴν
483 2485 652 2569 προδοσίαν
686 2485 782 2549 αὐτοῦ
810 2485 998 2569 δικαστήρια
1026 2485 1043 2548 ὁ
1067 2484 1212 2572 βασιλεὺς
1244 2483 1400 2573 (Τύλλος)

217 2591 356 2666 καθίσας
386 2594 458 2667 τοὺς
483 2591 617 2667 ἁλόντας
647 2590 681 2670 ἐξ
713 2593 815 2656 αὐτῶν
847 2594 930 2654 κατὰ
960 2591 1013 2654 τὸν
1037 2599 1098 2656 τῶν
1121 2590 1339 2656 λειποτακτῶν
1362 2611 1399 2655 τε

220 2698 274 2760 καί
296 2697 459 2781 προδοτῶν
482 2697 576 2782 νόμον
602 2697 793 2761 ἀπέκτεινεν.

310 2802 339 2866 5.
379 2804 506 2868 Tacitus
529 2805 737 2888 (ακκ.12,8).·
760 2800 895 2867 Addidit
916 2801 1076 2881 Claudius,
1099 2823 1189 2867 sacra
1211 2823 1250 2867 ex
1272 2803 1401 2888 legibus

218 2905 304 2970 'I'ulli
334 2908 419 2992 regis
445 2908 632 2994 piaculaque
664 2908 807 2991 (propter
828 2909 979 2973 iucecturu
995 2908 1117 2991 fratris
1147 2913 1175 2972 et
1196 2910 1332 2994 sororis)
1357 2947 1401 2958 —-

218 3034 275 3096 per
296 3014 461 3098 pontifices
484 3013 621 3081 danda⁶

570 3191 647 3257 ΙΙΙΙ.
680 3191 827 3260 ANOUS
849 3192 1055 3260 MARCIUS.

308 3334 336 3397 1.
369 3332 483 3397 Liuius
506 3335 631 3417 (1,32):
662 3332 710 3399 Ut
731 3339 848 3415 tamen,
873 3334 1023 3420 quoniam
1045 3333 1154 3399 Numa
1176 3336 1210 3400 in
1232 3359 1310 3420 pace
1325 3337 1403 3403 reli-

218 3438 330 3524 giones
361 3437 574 3518 inst'tuisset,
608 3463 682 3505 ase
705 3440 837 3506 bellicae
860 3441 1070 3507 caerimoniae
1101 3443 1320 3526 proderentur,
1344 3468 1403 3510 nec

218 3546 409 3629 gererentur
437 3543 540 3608 solum
563 3545 617 3610 sed
640 3546 736 3610 etiam
759 3547 974 3612 indicerentur
996 3547 1081 3612 bella
1103 3548 1211 3632 aliquo
1234 3549 1319 3630 ritu,
1350 3551 1403 3617 ius

292 3789 318 3858 1)
344 3788 430 3843 Verba
456 3790 541 3858 caput
565 3818 599 3827 —
628 3787 790 3858 suspendite
819 3788 910 3844 Cicero
938 3795 974 3859 (ρ.
995 3790 1065 3844 Rab.
1088 3794 1159 3859 4,13)
1185 3792 1237 3862 ίορι·
1257 3793 1405 3864 Tarquinii

221 3877 337 3947 Superbi
359 3877 506 3932 attribuere
529 3876 641 3932 ridetur.
674 3907 708 3916 —
727 3878 753 3947 2)
780 3876 822 3946 Of.
840 3877 914 3934 Fert.
934 3878 1084 3934 Sororium.
1123 3878 1177 3934 (tu.
1194 3897 1249 3950 rep.
1267 3886 1336 3946 2‚31.
1365 3914 1402 3925 —

218 3970 244 4037 3)
267 3967 335 4036 (Lex
356 3966 418 4020 lata
436 3967 478 4020 est
496 3967 611 4034 propter
629 3965 711 4019 illum
730 3982 840 4030 casum,
858 3966 964 4028 iubens,
984 3966 1007 4019 si
1026 3966 1070 4021 cui
1092 3966 1237 4036 trigemini
1256 3987 1404 4026 nasceren-

217 4056 268 4108 tur
295 4053 360 4120 filii,
390 4053 416 4108 ei
440 4052 474 4106 de
492 4051 603 4121 publico
624 4052 761 4107 alimenta
787 4052 823 4106 ad
841 4053 1022 4122 pubertatem
1047 4070 1133 4122 usque
1152 4055 1347 4124 suppeditari.)
1366 4089 1402 4098 —

219 4141 246 4210 4)
270 4140 361 4210 (sociis
391 4142 420 4195 et
438 4138 606 4210 proditionis
629 4140 743 4196 consciis
770 4139 874 4194 iudicia
897 4158 946 4195 rex
974 4140 1122 4196 constituit
1145 4146 1174 4196 et
1193 4142 1335 4200 convictos
1359 4163 1402 4201 se-

218 4228 341 4283 cundum
361 4229 452 4298 legem
471 4228 505 4283 de
526 4228 714 4285 desertoribus
733 4234 762 4284 et
783 4228 974 4299 proditoribus
992 4229 1154 4301 interfecit.)
1173 4262 1208 4270 —
1226 4232 1253 4302 5)
1266 4232 1320 4302 'Of
1338 4233 1401 4289 Lu.

217 4319 291 4384 1,26:
320 4314 512 4385 piacularibus
540 4315 681 4370 sacrificiis
699 4317 796 4381 fectis,
826 4333 899 4386 quae
918 4315 1019 4372 deinde
1037 4318 1116 4386 genti
1135 4318 1272 4375 Horatiae
1291 4321 1402 4377 tradita

217 4405 291 4459 sunt.
