2940 4996
141 309 205 374 378
482 307 579 372 Varro,
600 305 635 360 de
653 305 753 375 lingua
770 304 882 369 Latina,
902 306 922 360 l.
943 305 976 362 V.

229 486 281 550 40.
305 485 481 550 Praedia
496 485 590 564 dicta,
613 484 691 547 item
707 486 744 546 ut
760 483 951 567 praedae,
975 505 994 546 a
1011 482 1216 566 praestando,
1239 484 1306 568 quod

140 612 177 654 ea
200 590 334 675 pignore
356 590 432 653 data
453 590 580 673 publice
603 587 786 673 mancupis1
808 589 904 653 fidem
925 592 1100 671 praestent.

226 694 279 759 55.
319 694 429 779 Ager
461 692 673 758 Romanus
703 693 843 777 primum
867 693 986 758 divisus
1008 694 1043 757 in
1066 695 1188 778 parteis
1210 695 1307 774 triac

140 823 202 884 quo
226 799 328 863 tribus
351 799 513 882 appellata
536 798 753 878 Titiensi11m²,
786 798 968 878 [tammum
998 799 1166 865 Lucerum.
1201 837 1245 848 -
1265 802 1305 866 56.

141 905 193 970 Ab
224 906 285 970 hoc
318 909 471 989 quattuor
500 927 628 989 quoque
660 906 761 989 partis
792 905 881 969 urbis
904 905 1008 970 tribus
1031 904 1151 984 dictae,
1184 905 1224 969 ab
1246 906 1307 970 locis

143 1009 312 1075 Suburana
334 1010 483 1075 Palatina
505 1010 676 1094 Esquilina
698 1009 839 1086 Collina3
870 1012 992 1094 quinta,
1017 1010 1102 1093 quod
1125 1010 1186 1074 sub
1210 1009 1307 1090 Roma,

141 1114 298 1192 Romilia;
323 1116 368 1180 sic
391 1116 532 1199 reliquae
555 1113 707 1198 triginta³
732 1114 772 1178 ab
799 1113 851 1178 his
866 1114 970 1193 rebus,
995 1114 1112 1198 quibus
1128 1114 1162 1178 in
1179 1116 1306 1180 tribuum

141 1220 224 1285 libro
247 1221 368 1305 scripsi.

229 1327 280 1393 80.
313 1326 502 1391 Praetor
524 1327 637 1404 dictus,
661 1326 717 1408 qui
739 1325 878 1409 praeiret
899 1326 969 1390 iure
991 1329 1024 1390 et
1038 1327 1199 1403 exercitu;
1223 1349 1305 1411 aquo

140 1431 173 1494 id
195 1430 368 1495 Lucilius4:
398 1431 497 1517 ‘Ergo
520 1436 705 1515 praetorum
727 1435 776 1496 est
799 1435 873 1495 ante
896 1435 927 1496 et
949 1432 1093 1514 praeire.¹

230 1536 282 1600 81.
318 1535 578 1612 Quaestores
601 1560 619 1600 a
643 1536 833 1620 quaerendo,
858 1536 914 1620 qui
929 1536 1156 1619 conquirerent
1178 1536 1304 1621 publicas

140 1641 290 1724 pecunias
314 1646 345 1706 et
361 1641 526 1720 maleficia,
551 1664 632 1725 quae
655 1641 817 1705 triumviri
840 1641 993 1724 capitales
1008 1663 1094 1705 nunc
1110 1642 1302 1726 conquirunt:

142 1747 183 1810 ab
206 1746 256 1810 his
279 1752 389 1830 postea
414 1748 469 1831 qui
484 1748 707 1832 quaestionum
723 1746 840 1810 iudicia
855 1751 1011 1826 exercent,
1033 1751 1219 1830 quaestores
1234 1745 1302 1810 dicti.

229 1851 281 1914 83.
314 1851 476 1915 Pontus
482 1853 580 1931 ices,
603 1850 656 1915 ut⁵
673 1850 825 1916 Scaevola
840 1850 977 1927 Quintus
993 1852 1151 1936 pontufex
1167 1852 1303 1916 maximus

142 1956 277 2036 dicebat,
301 1981 319 2020 a
341 1980 433 2041 posse
456 1962 488 2021 et
510 1958 624 2036 facere,
648 1961 685 2020 ut
707 1955 887 2041 potifices⁰;
915 1977 976 2041 ego
999 1979 1018 2020 a
1040 1962 1140 2040 ponte
1163 1958 1301 2021 arbitror:

140 2083 214 2125 nam
247 2062 286 2125 ab
315 2061 367 2125 his
395 2062 547 2126 sublicius
578 2067 626 2127 est
649 2062 753 2126 lactus
776 2063 933 2144 primum,
967 2066 1004 2126 ut
1027 2063 1197 2128 restitutus
1218 2083 1300 2144 saepe,

142 2189 213 2231 cum
237 2166 325 2230 ideo⁷
352 2190 442 2231 sacra
465 2173 496 2232 et
520 2168 569 2231 uls
594 2171 626 2232 et
648 2168 692 2231 cis
715 2166 858 2231 Tiberim
880 2189 945 2231 nou
967 2167 1120 2232 mediocri
1142 2168 1209 2232 ritu
1228 2167 1299 2230 fiant.

229 2272 280 2336 86.
304 2271 402 2337 Feti
413 2273 507 2351 ales,
532 2273 617 2356 quod
631 2272 705 2336 fidei
722 2271 869 2355 publicae
883 2272 968 2336 inter
983 2274 1120 2357 populos
1137 2274 1298 2358 praeerant:

139 2399 214 2440 nam
236 2400 293 2461 per
315 2378 374 2442 hos
397 2379 504 2458 fiebat,
528 2382 564 2442 ut
585 2379 707 2443 iustum
730 2377 949 2461 conciperetur
965 2377 1097 2458 bellum,
1122 2382 1154 2443 et
1170 2376 1238 2443 ubi⁸
1258 2377 1298 2439 de

142 2483 249 2563 situm,
280 2486 317 2545 ut
340 2482 465 2548 foedere
487 2483 564 2546 fides
586 2483 673 2567 pacis
696 2483 951 2546 constitueretur.
999 2482 1050 2547 Ex
1072 2482 1125 2547 his
1148 2483 1297 2548 mitteban-

139 2592 203 2667 tur,
228 2592 400 2673 antequam
423 2589 652 2672 conciperetur,
677 2588 732 2671 qui
751 2610 800 2651 res
816 2591 1005 2670 repeterent,
1029 2591 1061 2651 et
1077 2610 1135 2671 per
1148 2589 1207 2653 hos
1221 2588 1295 2652 etiam

140 2716 225 2757 nunc
247 2693 285 2756 fit
307 2693 428 2773 foedus,
455 2694 540 2777 quod
564 2693 664 2757 ‘fidus'
687 2693 812 2757 Ennius
837 2693 948 2757 scribit
971 2695 1119 2761 dictum.⁹

227 2799 278 2862 95.
317 2797 450 2863 Pecus
482 2799 599 2878 aben,
633 2799 717 2882 quod
740 2797 985 2882 perpascebant,
1020 2821 1040 2862 a
1062 2821 1126 2881 quo
1149 2793 1291 2884 pecunia1⁰

141 2903 298 2982 universa,
323 2904 407 2987 quod
429 2904 463 2967 in
486 2925 597 2986 pecore
619 2904 753 2987 pecunia
775 2907 846 2968 tum
861 2903 1043 2986 pastoribus
1061 2905 1254 2980 consistebat,
1271 2902 1293 2962 el

138 3010 246 3073 standi
268 3009 511 3074 fundamentum
533 3032 589 3092 pes
614 3047 655 3055 —-
679 3033 697 3072 a
720 3010 798 3094 pede
820 3009 972 3092 pecudem
988 3008 1201 3092 appellarunt,
1222 3004 1290 3071 utab

141 3116 249 3179 eodem
272 3115 413 3198 pedicam
437 3120 468 3179 et
484 3115 691 3197 pedisequum
718 3119 750 3179 et
764 3115 971 3198 peculiares¹¹
995 3136 1069 3178 oves
1086 3114 1208 3179 aliudve
1222 3109 1290 3196 quid:

140 3221 172 3284 id
188 3220 272 3284 enim
288 3220 447 3303 peculium
462 3219 615 3303 primum;
643 3220 718 3288 hinc
735 3221 934 3302 ‘peculatum’
950 3218 1114 3303 publicum
1133 3211 1287 3302 [fanumst]

140 3327 243 3409 primo
266 3324 335 3389 ut¹³
361 3348 432 3389 cum
454 3347 567 3408 pecore
591 3325 747 3388 diceretur
770 3325 890 3404 multa,
924 3328 955 3388 et
978 3325 1011 3388 id
1033 3325 1150 3389 csset²⁴
1173 3327 1287 3389 coactum

140 3432 173 3493 iu
196 3432 370 3514 publicum,
393 3432 420 3496 si
444 3434 512 3495 erat
536 3429 727 3495 aversum¹⁶.

140 3607 202 3659 erat
220 3605 291 3658 CXX
310 3606 425 3675 pedum,
454 3603 669 3673 duplicatusque
696 3601 725 3654 in
744 3601 954 3669 longitudinem
981 3603 1113 3671 iugerum
1134 3602 1251 3656 faciebat.
1267 3623 1285 3632 ν

140 3694 167 3760 7)
186 3693 276 3761 primo
295 3693 321 3760 a]
343 3692 434 3760 prima
453 3692 487 3744 F.

214 3783 236 3846 1)
256 3797 406 3850 mancupes
426 3781 460 3835 F.
480 3812 513 3819 -
533 3781 560 3850 2)
579 3780 745 3835 tatiensium
764 3781 796 3832 F.
816 3811 847 3818 -
869 3782 896 3849 3)
915 3781 987 3834 trita
1003 3781 1032 3836 F.
1052 3812 1086 3820 -
1105 3785 1132 3837 41
1151 3779 1230 3836 Lucili
1243 3789 1288 3845 prv-

139 3870 232 3936 posur‘t
250 3867 285 3920 A.
299 3867 419 3936 Speupel.
448 3899 479 3906 -
500 3868 527 3936 5)
548 3869 632 3921 aius.
645 3868 681 3922 F.
698 3899 734 3907 —
753 3871 779 3937 6)
798 3868 941 3937 pontifices
961 3868 995 3922 F.
1013 3900 1049 3908 -
1068 3872 1094 3938 7)
1111 3869 1216 3934 uuor,
1231 3866 1288 3918 i11⁰⁰

140 3957 263 4024 Mueller,
283 3956 380 4010 eadem
398 3955 432 4009 A.
454 3955 574 4025 Speupel.
592 3987 627 3995 —
645 3957 672 4024 8)
691 3956 740 4010 ubi
760 3957 794 4010 A.
805 3956 926 4025 Spuma,
945 3955 1011 4010 inde
1030 3957 1065 4009 F.
1088 3988 1119 3996 -—
1138 3959 1166 4025 9)
1184 3956 1221 4024 Of.
1236 3949 1288 4005 Nuu-

140 4044 267 4099 Fetiales.
290 4074 325 4083 -
353 4045 395 4108 10)
413 4045 451 4097 sr'e
468 4043 645 4112 Aupuslluua,
664 4061 764 4113 pecora
782 4045 816 4097 F.
835 4075 869 4083 —
891 4045 933 4111 ll)
951 4045 990 4097 cic
1010 4045 1044 4096 A.
1066 4044 1186 4114 Speupel,
1205 4034 1287 4112 peculu-

141 4133 230 4187 toriae
249 4132 283 4195 F,
306 4130 417 4200 peculia
436 4132 491 4186 tori
511 4149 543 4186 ac
561 4134 684 4187 Mueller.
706 4164 738 4173 —-
759 4133 801 4202 12)
820 4133 928 4186 furtum
948 4149 997 4186 our.
1018 4133 1051 4186 F.
1072 4165 1106 4173 —
1128 4135 1171 4203 13)
1193 4131 1229 4200 ut]
1244 4129 1286 4178 tum

141 4220 261 4273 Mueller.
280 4250 315 4257 -
344 4220 387 4285 14)
406 4236 463 4272 esse
484 4219 517 4271 F.
538 4251 568 4258 -
590 4221 633 4283 15)
654 4221 698 4274 De
716 4222 773 4274 loeo
791 4222 890 4274 erueud.
909 4237 932 4274 u.
953 4221 1026 4274 Mue.
1045 4223 1076 4274 c'u
1094 4222 1170 4288 edil,
1194 4213 1282 4272 naun

142 4307 193 4360 nu.
213 4307 253 4358 ru.
273 4309 357 4373 enoc.
394 4306 519 4376 spelaei,
548 4308 659 4362 Maece.
684 4309 764 4362 auca.
783 4309 853 4362 neu.
873 4311 965 4376 unco.
1006 4308 1101 4377 ruera,
1129 4301 1246 4370 Juauu.
1260 4292 1284 4346 ll

139 4396 211 4449 Plu.
231 4396 339 4462 185512.
359 4397 417 4448 524.
454 4393 499 4447 De
514 4397 641 4462 peculatu
659 4396 695 4463 ef.
715 4395 788 4449 Fen.
808 4394 966 4450 Peculatus.
