2940 4996
668 237 799 294 Isidorus.
1255 235 1320 302 407

231 411 263 476 V
285 413 316 494 2,
339 413 367 481 2.
414 411 489 477 Fas
511 412 563 477 lex
585 413 692 477 divina
716 417 773 492 est,
808 412 872 477 ius
896 412 946 476 lex
968 410 1118 478 humana.
1166 409 1318 478 Transire

143 541 202 603 per
224 519 365 583 alienum
386 517 436 581 fas
459 527 516 597 est,
537 517 586 581 ius
608 539 673 580 non
696 521 753 581 est.

232 622 264 687 V
286 625 317 703 3,
341 623 370 687 2.
415 622 494 686 1101
528 625 576 687 est
599 622 785 687 constitutio
809 621 935 706 scripta.
982 620 1071 684 Mos
1092 623 1140 685 est
1161 623 1320 686 vetustate

143 729 281 815 probata
304 723 512 809 consuetudo,
529 729 595 793 sive
616 729 668 793 lex
690 750 754 792 non
778 729 906 813 scripta.
952 730 982 793 3.
1006 726 1078 792 Mos
1101 731 1207 792 autem
1221 725 1320 811 longa

144 820 339 899 consuetudo
370 838 418 899 est
450 835 488 899 de
509 834 651 899 moribus
675 837 778 898 tracta
801 834 999 898 tantundem.
1045 831 1319 896 Consuetudo

146 943 255 1003 autem
279 943 326 1002 est
348 938 398 1002 ius
422 938 580 1022 quoddam
603 937 744 1002 moribus
766 936 960 1016 institutum,
984 935 1069 1019 quod
1091 956 1149 1020 pro
1165 935 1235 1018 lege
1250 956 1320 998 sus·

145 1044 273 1129 cipitur,
296 1067 368 1109 oum
391 1043 497 1108 deficit
519 1045 585 1118 lex;
609 1065 667 1108 nec
688 1043 803 1121 differt,
826 1042 984 1126 scriptura
1006 1062 1047 1104 an
1066 1038 1190 1103 ratione
1212 1039 1315 1103 consi-

146 1153 221 1230 stat,
247 1148 373 1234 quando
395 1153 427 1213 et
449 1148 553 1232 legem
575 1149 657 1212 ratio
679 1148 886 1212 commendat.

234 1252 266 1317 V
289 1253 340 1332 24,
365 1254 393 1317 5.
441 1252 760 1316 Testamentum
802 1251 880 1316 iuris
914 1249 1015 1315 civilis
1049 1253 1097 1313 est
1127 1246 1159 1311 V
1189 1247 1319 1312 testium

145 1357 381 1440 subscriptione
403 1357 576 1441 firmatum.
615 1359 643 1422 6.
668 1358 907 1422 Testamentum
930 1354 1009 1419 iuris
1024 1352 1176 1438 praetorii
1192 1355 1240 1416 est
1255 1349 1320 1415 VH

144 1465 277 1530 testium
307 1464 407 1548 signis
437 1464 616 1549 signatum3
650 1464 703 1528 sed
726 1464 807 1527 illud
830 1462 915 1545 apud
937 1463 1019 1525 cives
1041 1458 1089 1538 fit,
1120 1457 1194 1522 inde
1216 1454 1317 1534 011110,

145 1569 233 1634 istud
259 1569 344 1651 apud
366 1573 536 1653 praetores,
559 1569 633 1634 inde
655 1569 733 1633 iuris
755 1567 917 1652 praetorii.
964 1564 1014 1631 14.
1050 1561 1318 1640 codicillum,

145 1678 182 1738 ut
206 1677 326 1739 veteres
359 1675 458 1752 aiunt,
482 1675 550 1739 sine
572 1675 668 1739 dubio
691 1675 731 1738 ab
755 1678 882 1737 auctore
904 1671 1035 1749 dictum,
1059 1667 1114 1752 qui
1136 1666 1197 1731 boc
1219 1667 1319 1750 scrip·

147 1783 240 1844 turae
261 1800 362 1863 genus
385 1779 536 1843 instituit.
581 1778 642 1844 Est
664 1783 768 1844 autem
793 1778 951 1862 scriptura
971 1776 1061 1839 nulla
1084 1772 1231 1856 indigens
1254 1772 1318 1835 sol-

146 1883 313 1948 lemnitate
336 1885 523 1964 verborum,
555 1885 609 1949 sed
631 1884 700 1949 sola
723 1883 885 1948 testatoris
908 1881 1073 1946 voluntate
1095 1877 1319 1963 qualicumque

146 1989 322 2072 scripturae
353 1987 586 2073 significatione
616 2012 782 2073 expressa;
814 1989 903 2053 euius
925 1986 1077 2052 beneficio
1099 1983 1318 2049 voluntatibus

145 2094 368 2159 defunctorum
390 2098 515 2159 constat
538 2117 604 2160 esse
626 2097 817 2160 subventum
835 2097 966 2178 propter
981 2089 1133 2176 legalium
1149 2088 1318 2152 verborum

144 2199 377 2277 difficultatem,
402 2203 457 2264 aut
480 2204 564 2264 certe
585 2203 716 2283 propter
739 2199 959 2263 necessitatem
981 2192 1233 2260 adhibendorum
1253 2192 1317 2257 sol·

145 2305 316 2384 lemnium,
347 2306 394 2369 ita
423 2308 461 2368 ut
484 2304 539 2389 qui
561 2304 693 2369 titulum
715 2304 826 2369 scribit
849 2302 988 2367 eiusdem
1011 2300 1200 2383 scripturae,
1232 2298 1318 2362 eodi-

144 2409 254 2473 eillum
277 2412 376 2473 10001.
425 2409 475 2473 15.
499 2407 646 2473 Oratio
669 2413 844 2487 estcertus
867 2407 990 2472 dierum
1013 2427 1173 2484 numeruS,
1195 2403 1230 2467 in
1254 2424 1317 2487 quo

147 2514 315 2578 institutus
330 2513 422 2579 heres
438 2517 494 2578 aut
509 2512 576 2578 adit
591 2514 809 2592 hereditatem,
835 2516 891 2576 aut
905 2511 998 2575 finito
1013 2515 1154 2594 tempore
1169 2510 1317 2575 cretionis

144 2619 333 2698 excluditur,
357 2641 415 2684 nec
437 2619 574 2684 liberum
596 2623 644 2684 est
665 2619 714 2683 illi
737 2619 823 2682 ultra
845 2617 1015 2703 capiendae
1035 2615 1230 2680 hereditatis.

231 2723 263 2788 V
285 2726 337 2804 24,
361 2727 412 2791 20.
447 2725 690 2789 Mandatum
719 2724 856 2802 dictum,
888 2722 972 2807 quod
995 2721 1071 2785 olim
1093 2721 1128 2785 in
1150 2720 1317 2785 commisso

146 2832 277 2917 negotio
301 2832 381 2896 alter
404 2830 498 2895 alteri
521 2853 651 2894 manum
675 2830 782 2894 dabat.

232 2935 264 3000 V
283 2935 336 3014 24,
357 2935 408 2998 25.
442 2934 632 2999 Donatio
655 2938 703 2997 est
725 2932 895 2997 cuiuslibet
916 2932 962 2997 rei
985 2932 1174 3008 transacti03
1200 2930 1317 2995 dietam

147 3045 256 3105 autem
279 3039 388 3104 dicunt
420 3039 623 3104 donationem
645 3039 736 3123 quasi
759 3039 834 3103 doni
857 3038 1023 3116 actionem,
1046 3043 1078 3104 et
1099 3039 1204 3103 dotem
1228 3037 1318 3120 quasi

148 3147 199 3209 ‘do
223 3145 322 3209 item'.
367 3143 576 3210 Praecedente
599 3145 683 3209 enim
705 3145 740 3209 in
755 3143 876 3229 nuptiis
902 3143 1072 3208 donatione
1093 3143 1149 3208 dos
1164 3142 1316 3226 sequitur.

146 3252 198 3317 26.
223 3248 309 3314 Nam
325 3250 674 3335 antiquus-nuptiarum
691 3249 865 3327 0101111110,
889 3250 973 3333 quod
989 3271 1023 3313 se
1037 3248 1171 3315 maritus
1188 3250 1220 3311 et
1235 3270 1315 3311 uxor

143 3356 280 3420 invicem
303 3356 467 3434 emebant,
498 3378 538 3419 ne
559 3355 720 3419 videretur
742 3376 822 3418 uxor
844 3353 968 3432 ancilla,
999 3351 1081 3417 sicut
1103 3352 1257 3415 habemus
1281 3351 1315 3415 in

142 3462 221 3524 iure.
267 3458 345 3523 Inde
374 3463 439 3537 est,
471 3460 556 3544 quod
578 3460 782 3544 praecedente
808 3459 978 3522 donatione
1008 3457 1070 3521 1111
1092 3457 1236 3541 sequitur
1259 3456 1314 3520 dos

146 3567 263 3630 uxoris.
310 3566 362 3629 27.
379 3565 535 3639 ,Donatio
557 3565 794 3629 usufructuaria
826 3563 896 3627 ideo
920 3563 1053 3641 dicitur,
1085 3562 1160 3647 quia
1183 3562 1317 3625 donator

142 3695 179 3736 ex
213 3693 250 3735 ea
276 3670 509 3733 usumfructum
539 3670 642 3733 adhuc
669 3671 786 3733 retinet
817 3671 959 3745 servato,
992 3668 1043 3731 cui
1074 3666 1226 3730 donatum
1257 3670 1315 3745 est,

145 3777 222 3840 iure.
272 3776 321 3838 28.
368 3776 508 3840 Donatio
538 3776 657 3841 11110010
687 3775 758 3839 ideo
790 3777 1009 3857 nuncupatur,
1043 3771 1117 3855 quia
1140 3774 1172 3835 et
1194 3771 1263 3835 iure
1285 3775 1317 3835 et

143 3905 202 3946 usu
238 3880 347 3944 statim
379 3880 496 3943 transit
529 3880 561 3942 in
586 3879 738 3957 alterum,
769 3899 826 3942 nec
849 3875 935 3940 ultra
957 3875 1030 3939 inde
1052 3873 1173 3959 aliquid
1205 3875 1315 3939 adius

142 3983 306 4050 donatoris
330 3987 540 4067 retorquetur.

231 4089 262 4153 V
279 4090 331 4166 24,
348 4090 400 4154 30.
439 4087 677 4172 Stipulatio
701 4092 748 4152 est
763 4088 930 4172 promissio
953 4087 1003 4151 101
1018 4087 1155 4170 sponsio,
1180 4085 1262 4149 unde
1284 4091 1316 4150 et

141 4195 352 4279 promissores
376 4195 578 4278 stipulatores
601 4199 768 4268 vocantur3
792 4194 876 4258 dicta
899 4197 1004 4257 autem
1028 4191 1194 4274 stipulatio
1216 4215 1234 4255 a
1257 4192 1314 4255 sti-

142 4301 238 4386 pula:
266 4302 387 4362 veteres
409 4299 503 4376 enim,
528 4299 653 4383 quando
676 4298 737 4362 sibi
760 4297 880 4381 aliquid
902 4295 1141 4380 promittebant,
1164 4294 1315 4378 stipulam
