2954 5010
316 295 357 365 20
725 292 812 366 teges
831 293 883 351 XII
902 292 1075 354 tabularum.

315 496 372 537 iun
396 496 489 538 unave
510 496 568 538 aar
583 495 757 538 couenumus
779 495 816 537 xv
831 493 938 550 Panno,
961 494 997 535 uu
1013 495 1138 552 umora,
1161 495 1218 537 aun
1239 497 1464 541 s1vonnruno.

313 601 435 643 umens.
481 579 511 642 4.
537 575 570 642 S1
598 600 687 642 voum
715 599 767 641 sno
790 599 894 642 vrvuo.
940 575 984 641 Νι
1004 600 1056 642 suo
1079 601 1177 658 nvn,
1210 601 1259 652 om
1282 603 1342 644 auu
1365 603 1474 647 vuar

313 705 444 762 nuaram,
468 706 567 748 amaus
590 706 691 747 anans
713 705 786 747 auno
809 705 871 745 nus
894 704 977 745 ntro·
1024 705 1049 746 sr
1072 705 1161 747 vonas
1184 706 1254 748 enus
1277 706 1362 750 nano.
1468 697 1469 700 ’

401 790 431 854 5.
479 788 601 854 Gellius
628 788 871 870 (20‚1‚46-7):
903 786 984 851 Erat
1017 791 1123 852 autem
1155 788 1206 853 ins
1237 789 1360 854 interea
1390 792 1473 875 pacis

314 894 413 974 cendi,
437 915 473 958 ao
488 894 551 957 nisi
566 893 652 976 pacti
668 892 784 972 forent,
808 891 1009 955 habebantur
1024 892 1058 955 in
1074 892 1208 957 vinculis
1231 894 1297 958 dies
1313 896 1470 981 sexagint

315 997 403 1063 Inter
426 1020 478 1063 eos
502 998 567 1063 dies
590 997 684 1062 trinis
707 996 858 1061 nundinis
880 997 1039 1061 continuis
1063 997 1103 1062 ad
1125 1002 1304 1082 praetorem
1336 1000 1372 1064 in
1395 1003 1472 1066 comi

312 1104 394 1168 tium
415 1104 680 1188 producebantur,
705 1106 905 1189 quantaeque
926 1102 1077 1186 pecuniae
1099 1102 1231 1168 iudicati
1253 1108 1379 1186 essent,
1401 1128 1474 1189 prae

314 1208 489 1273 dicabatur.
536 1207 652 1272 Tertiis
683 1212 789 1273 autern
812 1207 962 1271 nundinis
992 1208 1095 1291 capite
1117 1230 1235 1292 poenas
1262 1210 1401 1292 dabant,
1437 1234 1474 1277 au

315 1318 405 1378 trans
428 1313 570 1378 Tiberim
592 1335 724 1398 peregre
747 1335 862 1379 venum
883 1311 985 1376 ibant.

401 1420 430 1482 6.
476 1417 597 1484 Tannus
611 1441 746 1483 utrumuis
761 1439 861 1482 nuans
876 1439 1009 1482 saciare.
1038 1415 1072 1483 Sl
1086 1441 1157 1483 snus
1173 1441 1303 1487 mnnsvn
1319 1444 1462 1487 saansaan

315 1548 347 1589 sa
369 1547 482 1589 narona
504 1546 583 1588 asro.

402 1630 432 1694 7.
478 1629 635 1693 Anvaasus
657 1650 770 1692 nassau
793 1649 923 1694 narrans
945 1651 1120 1694 ratramnus
1142 1630 1250 1714 [asro]

765 1802 943 1870 TABULA
966 1804 1041 1870 IIII.

405 1947 432 2011 1.
480 1943 585 2011 Oioero
609 1946 659 2030 (de
681 1947 733 2029 lep.
757 1947 894 2030 3‚8,19):
918 1946 982 2011 aito
1009 1950 1140 2011 necatus
1163 1948 1329 2031 tamquam
1363 1970 1402 2013 ex
1428 1946 1471 2013 XI

317 2052 436 2117 tabulis
459 2052 595 2137 insignis
618 2052 657 2115 ad
680 2051 915 2116 deformitatem
937 2073 1026 2135 puer.

315 2279 383 2336 dett.
395 2283 535 2347 20‚10,7.9.
564 2279 625 2334 Sed.
639 2283 682 2333 92.
719 2278 833 2350 [Gellius
851 2280 900 2334 ta
922 2285 953 2334 ut
972 2285 1041 2333 reete
1058 2279 1183 2333 distinxit
1199 2294 1262 2342 rau,
1280 2295 1363 2348 quan
1407 2306 1408 2311 κ
1427 2302 1477 2327 nu

315 2384 383 2434 unus,
398 2374 469 2436 puta
487 2385 590 2437 aprum,
609 2385 627 2421 a
643 2368 788 2435 partiaria,
803 2373 873 2436 puta
888 2368 974 2436 pteba,
992 2368 1022 2420 in
1041 2383 1096 2435 qua
1115 2365 1291 2434 uindicarant,
1309 2367 1351 2421 ita
1367 2367 1416 2421 ubi
1453 2392 1477 2414 »f

314 2455 449 2509 distinctio
468 2455 554 2508 laeum
570 2471 625 2508 uon
642 2455 728 2521 babet,
742 2455 908 2523 praepositio
926 2454 1035 2507 admitti
1050 2469 1106 2507 ueu
1119 2458 1215 2521 potest,
1233 2453 1280 2507 sed
1296 2455 1371 2509 solus
1393 2478 1399 2500 ι
1437 2482 1438 2487 1
1456 2476 1473 2503 a

314 2543 398 2609 tinum
420 2542 488 2594 initii
514 2550 539 2595 in
562 2549 613 2594 iure
637 2541 767 2594 uocabula
789 2540 913 2595 uidentur
931 2540 968 2594 ud
984 2538 1144 2608 explicanda
1162 2556 1280 2609 eaquae
1297 2547 1364 2596 aaut
1387 2551 1448 2596 enda
1470 2571 1473 2586 ι

315 2629 451 2698 adscripta
477 2646 530 2684 esse
552 2629 586 2683 ab
609 2631 752 2698 interprete
776 2630 976 2698 antiquissimo,
1004 2629 1052 2697 qui
1072 2633 1141 2682 reate
1158 2628 1266 2682 annino
1284 2650 1313 2683 oo
1331 2628 1469 2699 reseruati

316 2717 346 2770 id
363 2716 435 2785 quod
447 2716 584 2784 praeeedit
606 2725 631 2770 in
650 2725 687 2770 ius
706 2725 795 2770 ducito.
832 2725 879 2772 Tu.
898 2716 944 2786 Μ.]
975 2746 1006 2755 -
1035 2715 1189 2770 Lectioueu
1206 2714 1335 2770 tuditan
1353 2725 1446 2771 minora

315 2813 404 2857 maiore
423 2803 542 2870 defendit
556 2802 670 2871 habia,
688 2805 749 2860 inst.
762 2808 835 2871 §179
846 2811 901 2860 not.
912 2806 932 2872 i,·
950 2805 1030 2859 uerba
1044 2802 1227 2873 parentando
1244 2809 1351 2858 ament
1378 2827 1383 2850 ν
1405 2828 1416 2835 ¹=
1442 2829 1447 2849 ι
1462 2836 1477 2850 „

315 2891 382 2957 Ha,
401 2891 508 2944 Nexum
522 2907 552 2958 p.
573 2892 616 2954 38,
634 2907 660 2944 u.
680 2894 740 2946 100.

386 2988 410 3031 4.
434 2994 487 3046 pro
505 2986 576 3031 farris
604 2978 667 3032 didit
684 2987 750 3032 ferri.
778 3009 810 3017 --
832 2978 873 3046 Cf.
894 2977 956 3032 Gai.
977 2979 1021 3032 dib.
1040 2978 1079 3031 Π
1093 2979 1131 3032 ud
1147 2979 1165 3033 l.
1185 2975 1251 3031 ΧΗ
1269 2978 1323 3033 tub.
1344 2978 1393 3044 (D.
1408 2983 1475 3049 5ολ

314 3067 419 3133 234‚2):
447 3071 553 3118 Verbum
577 3073 657 3116 vivere
684 3071 782 3132 qnidam
808 3077 896 3134 putant
920 3072 952 3118 ad
971 3072 1050 3118 cibum
1069 3073 1203 3134 pertinere,
1229 3073 1273 3118 sed
1292 3071 1377 3122 Ofilius
1395 3099 1430 3108 -
1448 3091 1477 3125 ar

316 3158 353 3204 his
372 3158 453 3204 verbis
472 3165 497 3203 et
515 3160 661 3205 vestimenta
680 3163 704 3203 et
724 3163 858 3204 stramenta
875 3159 1003 3205 oontineri.

389 3248 421 3293 t..
441 3239 508 3293 Geli.
535 3242 745 3308 (20‚1,48—52):
774 3261 828 3293 eam
853 3249 941 3308 ospitis
966 3261 1067 3308 poenam
1088 3270 1117 3278 -
1138 3247 1294 3293 metuendam
1323 3250 1477 3298 reddideras

314 3336 378 3382 Nam
391 3348 525 3390 -soeare,
545 3337 565 3380 si
584 3338 684 3390 vallent,
703 3339 777 3395 atque
797 3335 883 3395 partiri
901 3349 986 3396 eorpus
1006 3335 1320 3395 addidit-permiserunt.
1349 3338 1381 3384 ut
1399 3340 1477 3401 quide

313 3422 389 3469 verba
408 3423 462 3481 ipsa
480 3422 540 3480 legis
561 3422 646 3476 dicem,
666 3435 696 3467 ne
710 3423 833 3467 existimes
852 3421 969 3466 invidiam
988 3435 1025 3466 me
1038 3423 1111 3467 istam
1123 3421 1186 3467 torte
1199 3422 1342 3470 formidare:
1361 3419 1451 3473 ‘tertiis

315 3500 385 3554 esto'.
404 3531 438 3541 -·
458 3501 500 3569 Of.
521 3501 589 3555 Geli.
608 3503 624 3555 l.
636 3519 657 3555 c.
675 3504 724 3556 52:
744 3510 875 3554 dissectum
895 3523 947 3555 osse
967 3509 1101 3570 antiquitus
1119 3509 1239 3556 neminem
1257 3511 1370 3570 equidem
1387 3514 1438 3574 legi
1453 3528 1476 3561 a·

314 3609 364 3656 qne
382 3597 473 3641 audivi.
504 3619 531 3627 -
555 3588 658 3657 Quinti.
678 3591 778 3655 3,6,84:
806 3596 830 3640 in
849 3596 899 3641 XII
918 3596 969 3642 tab.
989 3596 1104 3642 debitoris
1123 3610 1208 3658 eorpus
1227 3598 1291 3645 inter
1309 3600 1443 3648 aredium
1465 3622 1467 3637 ·

315 3682 364 3727 vidi
384 3684 459 3739 liouit,
481 3697 554 3744 qnam
574 3686 653 3741 legem
672 3697 722 3728 mos
741 3682 851 3743 publiano
870 3682 1016 3742 repudiavit.
1057 3673 1168 3729 Tenuit.
1185 3677 1257 3739 apol.
1274 3681 1304 3732 4:
1331 3688 1453 3738 initiantes

315 3773 397 3828 portos
416 3771 492 3815 secari
513 3785 528 3815 a
547 3770 705 3817 oreditoribus
724 3772 790 3829 leges
809 3774 894 3815 erant:
913 3783 1030 3814 eonsensn
1048 3773 1130 3814 tamen
1149 3770 1244 3830 publiea
1264 3773 1397 3823 erudelitas
1410 3789 1453 3838 pot
1470 3799 1477 3811 2

315 3869 386 3901 erasa
404 3863 450 3902 est.
481 3849 538 3902 Dio
553 3849 624 3903 Cass.
639 3851 802 3919 frupm.12:
828 3855 905 3901 τοῦτο
923 3853 969 3915 μὲν
988 3853 1011 3900 εἰ
1024 3852 1115 3901 καὶτὰ
1130 3851 1244 3915 μάλιστα
1257 3855 1414 3922 tustinum,
1437 3884 1442 3897 ν

315 3936 386 3987 οὔτί
406 3941 502 4004 γεκαὶ
521 3941 590 4006 ἔργῳ
609 3941 674 3991 ποτὲ
693 3941 821 4006 ἐγεγόνει.
849 3967 876 3975 -
899 3936 986 3990 Mutet
1010 3936 1042 3990 de
1060 3937 1189 3991 bonorum
1213 3941 1327 3996 senune
1344 3943 1411 3998 und
1426 3967 1459 4003 ψ

313 4022 406 4076 volunt
424 4023 493 4077 baua
512 4025 599 4093 tepent,
618 4041 684 4094 qnos
702 4026 796 4079 merito
810 4026 968 4095 perstriupit
986 4025 1117 4093 Niebuhr,
1135 4030 1201 4080 edm.
1221 4026 1314 4083 Geseh.
1332 4032 1476 4098 atto-7<

316 4106 357 4175 Of.
377 4109 492 4177 Puebta,
511 4111 579 4166 Iust.
598 4116 687 4180 §nu
705 4130 733 4166 n.

387 4204 409 4252 t.
435 4197 488 4252 Oia
508 4200 552 4268 (de
569 4201 615 4269 off.
634 4205 701 4270 1,12)
720 4201 750 4254 in
768 4201 825 4254 ioco
844 4217 928 4270 supra
946 4202 988 4268 II,
1006 4206 1025 4255 2
1042 4191 1173 4271 ¹enasoripto
1191 4203 1282 4259 addit:
1300 4213 1424 4277 itemqna:
1441 4207 1450 4227 ‘
1469 4235 1471 4249 1

313 4303 397 4336 versus
415 4314 448 4322 —
461 4289 612 4342 auotoritae'.

383 4377 428 4426 IV.
450 4381 471 4426 1.
501 4386 601 4429 uenatus
620 4374 767 4443 Puteanus,
785 4385 881 4444 legatus
901 4376 971 4432 itin.
992 4411 1025 4423 ·-
1045 4377 1086 4449 Of.
1105 4394 1189 4448 supra
1206 4377 1271 4450 Lep
1291 4379 1373 4445 Rom.
1390 4384 1428 4443 n
