2954 5010
176 283 219 348 54
557 284 614 338 Lex
631 282 722 337 Acilia
740 282 970 352 repetundarum.

175 469 371 545 6666666666,
389 464 552 546 plebesque
566 464 655 529 66666
676 463 771 528 seivit.
786 464 820 527 in
836 512 842 526 .
859 512 865 525 .
882 511 889 526 .
905 467 976 528 ante
998 463 1081 528 dien
1096 515 1102 528 .
1120 516 1126 529 .
1144 516 1150 529 .
1168 516 1174 530 .
1195 467 1226 530 Τ
1240 469 1349 534 ilus..

172 568 372 648 prineiplunr
386 569 463 652 fuit,
483 590 545 651 666
568 570 652 634 tribu
675 619 681 632 .
706 570 875 650 ,66666663
896 567 1009 633 3666661
1033 621 1039 633 .
1064 621 1070 632 .
1096 573 1180 655 (140)
1206 623 1212 636 .
1237 625 1243 637 .

267 671 364 754 Quoi²
397 676 516 739 36666666
547 673 737 759 no]minisve
775 674 882 738 Latini
916 679 1134 741 exterarumve
1174 678 1349 759 nationum,

179 777 293 859 quoive
304 779 339 843 in
354 780 512 844 arbitratu
529 781 650 846 dicione
658 784 818 866 'potestate
834 781 1025 866 amicitiav[e
1037 783 1153 864 populi
1163 783 1313 864 Romani,
1327 835 1352 848 ..

144 900 167 952 2.
179 885 238 963 (65
249 879 258 967 ll
270 883 350 967 190)
367 931 373 944 .
390 934 397 947 .
415 885 454 948 al
473 905 506 949 eo
530 886 600 966 6666
614 885 783 968 66666666),
800 885 974 970 eo(n)s(ul),
992 886 1160 970 pr(aetor),
1176 887 1308 972 niap(ist
1335 892 1352 974 )

182 1109 342 1181 Rudorffius
360 1111 549 1179 6166636663,
568 1113 616 1180 666
633 1113 715 1167 totius
732 1113 840 1167 6666666
859 1113 1130 1184 efflpieneornposuit
1149 1117 1239 1182 (euius
1257 1117 1358 1171 366666

181 1201 287 1268 666666),
305 1199 377 1254 unde
395 1206 420 1255 et
438 1217 506 1268 quae
523 1201 559 1254 sit
571 1201 788 1270 frapuentnurn
806 1203 1018 1270 interseratis,
1037 1209 1062 1258 et
1079 1210 1144 1272 quot
1159 1205 1219 1272 fere
1236 1206 1267 1258 in
1283 1206 1358 1259 hiati-

183 1289 376 1358 disperierint
394 1289 510 1356 litterae,
535 1290 657 1357 66666366
669 1290 764 1358 possit.
805 1289 910 1343 Tabula
927 1291 1031 1359 6666666
1050 1291 1131 1345 latior
1144 1292 1205 1360 fuit
1223 1309 1306 1361 66666
1322 1294 1359 1347 66-

183 1378 251 1445 tior‚·
277 1378 307 1430 in
331 1376 500 1431 latitudinem
522 1378 644 1446 patuerit
664 1378 728 1446 plus
751 1382 770 1431 2
790 1383 875 1432 uetra
899 1385 1071 1446 6666336636,
1098 1381 1128 1433 66
1145 1380 1317 1436 altitudinem
1334 1381 1361 1433 id

183 1465 256 1534 quod
272 1465 349 1519 666666
366 1471 485 1534 superest
504 1468 568 1532 0‚82
579 1483 614 1519 n.
634 1467 739 1534 666666,
758 1482 841 1534 66666
858 1483 920 1520 6666
937 1468 968 1520 66
984 1466 1038 1533 666
1054 1467 1168 1520 multum
1185 1467 1273 1521 deesse
1291 1467 1358 1520 66666-

185 1558 237 1607 tur.
276 1553 350 1623 Quae
368 1554 459 1607 666666
478 1554 632 1608 6666666663
651 1555 805 1623 6666666666
823 1555 880 1608 Mo.
899 1556 930 1608 in
942 1554 970 1609 C'.
985 1554 1054 1608 Le.
1066 1557 1201 1619 1,49-54.
1219 1585 1253 1594 -
1267 1555 1362 1624 Lepern

184 1640 303 1694 Aerlrani
327 1640 467 1694 ediderunt
492 1639 672 1696 Mounisenus
699 1641 726 1694 O.
747 1642 771 1695 1.
790 1641 825 1694 L.
844 1646 867 1707 1,
877 1645 912 1695 49
936 1645 1040 1696 6198.
1078 1641 1138 1708 Ru,
1167 1642 1221 1695 tab.
1243 1646 1359 1697 23-25.

186 1728 317 1798 Rudorff,
344 1729 382 1783 ad
399 1731 447 1799 lep.
465 1730 536 1785 Aul.
556 1730 587 1784 de
601 1747 658 1798 666.
677 1736 757 1798 repet.
781 1733 857 1784 1862.
893 1729 938 1782 De
954 1729 1107 1798 repetundis
1124 1730 1195 1784 6666
1213 1730 1294 1800 666666
1312 1746 1364 1785 6336

186 1816 270 1871 latinu
294 1834 327 1871 66
350 1818 435 1885 663663
458 1834 535 1872 uersu
559 1822 576 1870 3
595 1823 687 1886 patet,·
714 1819 857 1886 Zumptius
882 1817 972 1883 (16666.
993 1816 1109 1871 Oriundi.
1129 1818 1362 1887 II.1,105-110)

188 1909 276 1958 tanen
291 1906 440 1975 6666666666
457 1906 712 1976 666666366666666
730 1907 832 1965 delictis
850 1906 930 1975 666666
941 1905 1114 1960 6666666666
1121 1905 1212 1973 fuisse
1223 1906 1366 1960 contendit.

186 1990 284 2061 Lepon
309 2008 361 2046 esse
379 1991 521 2047 Seruiliam
543 1994 751 2062 repetundarum
776 2000 809 2060 (6.
828 2011 853 2047 6.
872 1997 948 2060 643),
976 1994 1051 2048 euius
1072 1993 1148 2062 apud
1166 1993 1365 2061 0666666666

187 2081 297 2142 nuntio,
323 2081 378 2134 6666
401 2081 464 2134 inde
490 2082 524 2135 ab
544 2080 655 2150 Siponio
674 2084 763 2148 (1574)
789 2083 934 2135 6666666663
957 2082 1016 2150 fuit
1033 2083 1123 2150 opinio
1152 2083 1291 2150 tenuitque
1310 2099 1367 2136 earn

189 2167 249 2220 lieet
266 2168 450 2237 6666666666
468 2170 502 2223 ab
520 2169 673 2239 Aupustina
696 2175 720 2223 et
743 2170 839 2224 Ursino
858 2171 938 2223 etiarn
956 2170 1094 2237 Kleneius,
1114 2171 1162 2238 666
1179 2187 1204 2223 a.
1223 2171 1295 2223 1825
1309 2171 1365 2238 pri·

189 2272 247 2309 nus
274 2262 358 2310 totanr
381 2259 460 2326 66666
484 2258 597 2327 36666663
615 2258 779 2327 frequentis
802 2264 874 2312 serta
896 2258 1001 2311 6666666
1023 2258 1172 2312 coniunctis
1189 2260 1240 2312 isto
1259 2260 1366 2312 6666666

190 2345 346 2413 inscriptam
364 2343 454 2400 edidit.
491 2345 596 2399 Deinde
613 2345 795 2399 Mornrnsenus
813 2347 893 2415 666666
910 2361 963 2399 6336
980 2344 1099 2400 Aciliani
1118 2347 1155 2412 (a.
1174 2348 1223 2398 631
1241 2346 1284 2399 666
1303 2349 1365 2410 632)

191 2432 225 2484 66
248 2433 337 2487 666666
362 2434 486 2489 Cicerone
510 2435 648 2489 laudttani
667 2434 855 2488 denuntiavit
881 2432 923 2501 (O.
936 2434 960 2487 1.
975 2433 1008 2487 L.
1028 2435 1175 2501 nse-57),
1204 2435 1249 2488 eui
1267 2434 1367 2489 additis

191 2523 267 2575 noeis
290 2524 454 2591 arpurnentis
479 2523 596 2577 adsensit
620 2523 700 2576 etiarn
725 2521 796 2575 Rud.
817 2522 834 2573 l.
854 2537 874 2574 6.
890 2538 918 2588 6.
938 2523 1016 2573 431-
1023 2523 1048 2574 8.
1086 2520 1236 2575 Nouissime
1254 2522 1288 2576 de
1306 2523 1369 2592 lepis

191 2615 347 2678 6666666666
365 2610 583 2680 disputauerunt:
601 2611 709 2678 Zunipt,
728 2608 1114 2676 166660666616666616169.
1134 2609 1269 2678 Rusellae,
1283 2611 1368 2665 ΖΒΘ.

191 2699 258 2764 646.
278 2727 311 2735 -
330 2699 367 2752 16
384 2699 435 2752 666
452 2715 511 2754 nea
529 2699 644 2753 editione
662 2704 764 2753 6666666
782 2715 799 2751 6
815 2697 980 2751 Mommseno
999 2698 1171 2751 constitutum
1189 2699 1298 2767 eiusque
1311 2700 1371 2767 fere

191 2786 374 2854 supplementa
396 2788 494 2854 666666,
521 2787 655 2840 interdurn
680 2785 856 2855 Rudorffiun
872 2789 985 2839 seeutus.
1023 2784 1127 2854 [Nouae
1145 2786 1271 2840 editionis
1290 2803 1371 2840 eausa

192 2874 375 2944 supplementa
392 2876 432 2929 666
450 2881 481 2930 66
498 2877 586 2929 uerius
604 2875 726 2929 dicentur
743 2876 978 2942 interpretamenta
996 2873 1082 2926 66666
1099 2875 1254 2941 6666666666
1278 2876 1309 2927 66
1326 2875 1373 2928 ad

193 2963 331 3016 notatione
348 2968 436 3016 auten
454 2965 548 3016 monui
563 2964 594 3016 66
609 2963 778 3032 pronioribus
795 2963 894 3016 seilicet
912 2979 971 3015 6666
989 2962 1021 3016 de
1037 2962 1072 3015 iis
1090 2977 1158 3029 6666
1170 2978 1203 3014 66
1213 2961 1373 3030 Rudorffia-

194 3050 236 3103 nis
254 3050 367 3103 relinere
380 3050 486 3118 placuit
504 3056 560 3104 turn
578 3051 610 3104 de
627 3051 690 3104 aliis
708 3066 775 3118 6666
792 3065 864 3103 6666
884 3049 987 3103 66666666
1005 3054 1176 3103 assesserunt.
1200 3048 1251 3101 Tu.
1273 3049 1321 3119 M.]
1340 3081 1373 3090 -

195 3136 254 3191 Lea
271 3138 301 3190 in
319 3138 410 3206 sopita
427 3137 514 3193 diuisa
530 3145 568 3193 est
586 3139 673 3193 titulis
685 3138 875 3207 praesniptis5
898 3154 929 3190 66
946 3153 1007 3191 nero
1025 3153 1085 3191 6666
1101 3153 1186 3205 neque
1202 3153 1376 3192 6666666666

195 3227 266 3281 notis
283 3228 390 3296 3666666
407 3243 490 3296 neque
503 3244 554 3296 per
568 3228 658 3295 capita
676 3239 799 3280 66636666
817 3226 944 3280 distinata
955 3227 1017 3294 sint,
1036 3232 1101 3294 6666
1112 3227 1176 3280 66666
1185 3226 1295 3295 fuerint
1307 3233 1379 3282 serto

196 3316 324 3369 constitui
349 3331 403 3370 non
425 3321 528 3384 potest:
556 3315 637 3369 Klen.
664 3315 781 3384 putabat
799 3331 851 3368 6336
869 3317 919 3380 24,
950 3313 1007 3366 Mo.
1027 3316 1069 3380 57,
1098 3313 1170 3367 llud.
1190 3317 1233 3368 70.
1272 3315 1331 3384 Quo
1350 3318 1379 3369 in

195 3403 347 3457 6636666666
365 3420 424 3458 eun
445 3419 528 3471 66666
546 3403 604 3457 Mo.
629 3419 712 3472 66666
731 3402 801 3456 llud.
828 3417 999 3456 6666666666
1016 3408 1095 3456 notas
1113 3402 1301 3470 adposuerint‚
1330 3420 1379 3472 666

196 3506 299 3559 666666
315 3491 422 3544 nodum
441 3492 545 3546 citandi
561 3497 694 3560 receptum
712 3491 821 3544 turbore
837 3491 922 3545 nolui.
951 3490 1052 3544 Nostra
1071 3496 1159 3544 tanen
1178 3506 1251 3545 onore
1268 3491 1380 3559 3666666

197 3579 288 3646 sopita
315 3580 439 3646 36666666
464 3579 613 3648 iudicesque
631 3579 726 3634 litteris
745 3579 827 3632 latius
845 3579 980 3646 dispositis
998 3577 1118 3631 distineri.
1155 3578 1285 3632 Numeris
1309 3579 1380 3634 litte·

197 3682 292 3720 rarun
310 3668 507 3736 deperditarum
525 3669 605 3722 366666
623 3667 825 3736 conprehensae
843 3672 906 3721 sunt
917 3667 1063 3720 restitutae.
1101 3663 1203 3733 666663
1214 3667 1335 3720 66666663
1347 3683 1386 3721 66·

198 3754 258 3822 6663
276 3755 388 3808 nimium
407 3755 530 3824 confidat,
550 3755 607 3809 Mo.
627 3758 683 3824 ipse
700 3756 811 3808 monuit.

273 3844 298 3909 l)
316 3842 429 3896 Plenam
447 3843 510 3912 lepis
524 3844 761 3912 6666366666666
779 3860 802 3897 6.
816 3843 893 3911 infra
910 3843 941 3895 in
958 3842 1012 3911 6666
1030 3839 1165 3910 Quinctio.
1193 3841 1310 3896 Isittens
1322 3859 1382 3896 rna·

198 3932 302 3986 loribus
327 3948 385 3986 earn
410 3932 510 4001 6666663
533 3933 725 4000 3666366666
746 3933 866 3986 solebant
889 3930 1024 3997 Ronani;
1051 3929 1081 3981 in
1099 3929 1150 3982 nas
1167 3945 1229 3982 uero
1248 3930 1303 3998 6666
1321 3947 1384 3984 cuni

195 4035 248 4087 pro
262 4018 430 4088 6666666666
447 4020 554 4073 tabulae
572 4020 714 4074 latitudine
727 4021 847 4088 66666666
864 4035 968 4072 versun
987 4016 1124 4072 6666666666
1139 4033 1194 4070 666
1206 4018 1329 4086 expleret,
1350 4035 1385 4072 66

200 4108 260 4173 6636
279 4107 332 4175 6666
350 4123 418 4175 quae
435 4107 465 4160 66
479 4108 597 4176 primuni
614 4123 718 4160 6663666
735 4113 839 4175 recepta
856 4111 920 4159 sunt
932 4106 994 4158 itern
1007 4105 1102 4158 litteris
1115 4105 1262 4158 6666666663
1280 4106 1385 4173 3666666

201 4201 272 4261 sunt,
299 4197 340 4249 ita
364 4201 395 4250 ut
415 4195 556 4263 pauciores
579 4196 609 4247 in
627 4195 717 4263 prino
741 4211 822 4263 quani
846 4194 876 4247 66
894 4191 1008 4246 secundo
1026 4208 1104 4245 uersu
1117 4193 1250 4261 perierint
1268 4193 1384 4248 litterae.

202 4312 237 4320 -
265 4285 289 4349 2)
310 4281 390 4352 [666θί
410 4282 537 4338 Romano
564 4283 614 4336 663.
635 4281 796 4351 Rudorffius
803 4301 812 4349 ‚·
838 4281 884 4337 sed
901 4280 938 4334 ad
951 4279 1081 4348 66666663
1100 4279 1153 4332 sini
1171 4278 1297 4334 Romano
1314 4283 1387 4337 orale

205 4375 308 4439 ereptos
325 4371 395 4424 6666
414 4372 493 4440 leyen
507 4371 670 4440 pertinuisse
688 4369 865 4427 demoristrari
881 4385 936 4426 non
949 4371 1046 4440 potest.
1084 4365 1136 4419 Tu.
1155 4365 1204 4437 Μ]
