2940 4996
27 354 30 359 ,
140 304 203 369 350
680 294 785 348 Festus.

145 477 284 555 delictiS,
318 475 409 539 utin
431 473 605 538 maioribus
627 469 718 535 XXX
740 471 868 548 bobus¹,
897 490 953 533 nec
983 469 1070 533 hunc
1099 468 1187 532 ultra
1209 488 1336 541 num&

140 607 210 647 rum
236 581 406 646 excedebat
433 579 601 655 multatio;
626 575 695 642 sed²
720 580 927 660 posteaquam
952 596 1023 638 aere
1046 575 1177 658 signato
1199 573 1248 636 uti
1275 578 1336 647 οἳ

142 688 224 752 vitas
256 685 383 769 coepit⁸
425 706 601 769 pecoraque
635 682 813 747 multaticia
843 681 989 745 incuria⁴
1024 679 1336 763 corrumpebantm-

145 793 228 857 unde
250 793 346 856 etiam
370 790 533 874 peculatus
556 790 674 854 crimen
697 787 846 871 usurpari
869 790 1017 869 coeptum
1039 789 1097 863 est,
1121 784 1209 848 facta
1228 787 1336 859 aeshf

144 897 243 961 matio
276 896 430 980 pecoralis
461 894 600 974 multae,
632 898 663 958 et
685 893 782 956 boves
806 891 946 956 centenis
969 890 1103 966 assibus,
1136 910 1211 952 oves
1234 888 1336 965 denj

146 999 357 1066 aestimatae⁶.
403 999 481 1063 Inde
504 1021 651 1083 suprema
683 997 794 1076 multa,
823 996 855 1059 id
883 998 931 1059 est
955 995 1108 1074 maxima,
1144 992 1336 1078 appellatu1

145 1108 207 1170 tria
237 1105 326 1169 milia
360 1104 458 1180 aeris,
496 1105 574 1168 item
607 1102 751 1168 vicessis⁶
785 1101 962 1165 minoribus
996 1099 1131 1166 delictis.
1178 1098 1217 1163 L.
1242 1104 1323 1172 202,

147 1209 214 1293 (Of.
238 1209 402 1293 Maxima.)

152 1315 374 1380 Pacionem
406 1316 530 1399 antiqui
554 1315 716 1394 dicebant,
748 1336 844 1399 quam
867 1336 952 1378 nunc
973 1313 1156 1397 pactionem
1180 1311 1306 1388 dicimus,

152 1422 234 1486 unde
257 1425 289 1486 et
310 1420 443 1505 pacisci⁷
466 1419 568 1484 adhuc
591 1423 622 1483 et
644 1419 739 1502 paco⁸
762 1421 796 1483 in
818 1442 878 1483 usu
895 1422 1048 1484 remanet.
1095 1423 1133 1480 F.
1157 1421 1232 1482 250.

148 1526 228 1590 Pae
241 1528 250 1590 l
262 1526 363 1591 ices⁹
387 1565 440 1590 —.
486 1525 622 1610 Antiqui
645 1526 772 1609 proprie
791 1525 894 1590 eam¹⁰
911 1523 1079 1610 paelicem⁹
1103 1520 1299 1598 nominabant,

150 1654 230 1716 quae
262 1653 394 1696 uxorem
425 1631 557 1696 habenti
586 1631 736 1695 nubebat.
794 1630 852 1695 Cui
883 1631 992 1715 generi
1024 1629 1195 1694 mulierum
1224 1627 1297 1691 etiarn

151 1759 252 1820 poena
275 1737 449 1801 constituta
464 1741 512 1801 est
528 1760 546 1801 a
562 1736 669 1800 Numa
684 1736 842 1821 Pompilio
858 1737 951 1801 hac¹l
967 1735 1052 1820 lege:
1077 1732 1218 1799 ‘Paelex⁹
1233 1753 1297 1796 man

151 1843 214 1906 cet!
258 1841 297 1908 P.
321 1840 438 1906 222.12

148 1947 368 2011 Pararium
392 1969 443 2011 aes
467 1945 689 2030 appellabatur
710 1945 753 2025 id,
777 1946 861 2030 quod
884 1946 1046 2030 equitibus
1070 1945 1188 2029 duplex
1202 1940 1297 2028 probi-

151 2053 200 2116 nis
224 2051 312 2135 equis
336 2052 479 2116 dabatur.
528 2050 566 2114 P.
590 2055 668 2114 221.

151 2156 306 2220 Parcus
330 2156 427 2239 vulgo
450 2159 540 2239 pater
563 2159 619 2218 aut
641 2159 743 2218 mater
766 2154 960 2239 appellatum
984 2154 1037 2219 sed
1053 2155 1134 2218 iuris
1157 2152 1296 2237 prudentes

155 2283 230 2324 avos
253 2264 285 2323 et
307 2282 458 2343 proavoS,
490 2261 576 2324 avias
604 2265 636 2324 et
658 2261 805 2345 proaviae
828 2265 997 2345 parentum
1020 2261 1151 2325 nomine
1174 2252 1296 2344 appellari

153 2363 304 2432 dicunt¹³.
345 2365 383 2429 P.
407 2371 486 2430 221.

152 2470 327 2548 Ferret,
360 2471 444 2554 quod
467 2476 514 2535 est
536 2473 571 2536 in
593 2471 749 2551 formulis,
774 2472 883 2536 debuit
905 2476 937 2536 et
959 2472 1115 2554 producta
1138 2470 1236 2555 priore
1252 2463 1296 2550 syl·

153 2576 228 2640 laba
249 2577 452 2659 pronuntiari
475 2581 506 2641 et
522 2577 728 2663 congemino
744 2576 793 2641 r14
817 2577 922 2655 scribi,
945 2580 983 2641 ut
996 2577 1087 2641 fieret
1101 2578 1219 2660 ‘paret',
1238 2566 1297 2656 quod

153 2680 218 2746 et1⁶
241 2682 422 2745 inveniatur
444 2687 481 2747 ut
495 2687 666 2767 comparet,
692 2687 834 2766 apparet.
870 2682 910 2747 F.
926 2688 1004 2748 233.
1042 2679 1203 2746 Parct¹⁶
1224 2673 1296 2762 signi·

154 2786 229 2850 fieat
252 2787 428 2870 apparebit.
477 2789 514 2854 P.
539 2794 618 2853 221.

153 2891 428 2955 Parricidii¹⁷
463 2898 643 2975 quaestores
666 2894 927 2976 appellabantur,
960 2893 1014 2976 qui
1045 2891 1191 2956 solebant
1221 2880 1295 2952 creari

156 3018 251 3060 causa
274 3019 378 3061 rerum
401 2998 586 3081 capitalium
609 3000 869 3083 quaerendarum.
908 2998 994 3062 Nam
1008 2997 1168 3081 parricida
1182 2987 1295 3059 nonuti·

159 3102 279 3184 queis,
312 3103 366 3186 qui
389 3106 553 3186 parentem
575 3104 756 3183 occidisset,
787 3105 967 3181 dicebatur,
1000 3104 1054 3167 sed
1077 3103 1298 3186 qualemcunque

245 3328 271 3394 1)
298 3326 450 3381 maioribus
476 3327 610 3381 ambobus
639 3327 787 3397 (ambubus
806 3328 843 3397 R)
873 3329 999 3384 truditur.
1036 3329 1111 3381 Ptin.
1130 3329 1155 3382 h.
1174 3345 1200 3382 a.
1216 3318 1302 3383 mn:

158 3413 294 3468 Multatio
314 3430 422 3482 quoque
441 3431 497 3468 non
517 3413 571 3466 nisi
590 3414 683 3468 ovium
703 3415 842 3483 boumque
854 3415 996 3484 impendio
1009 3399 1165 3479 dicebatur,
1182 3403 1303 3469 nononil

159 3501 246 3556 tenda
265 3501 420 3570 priscarum
438 3501 533 3569 legum
546 3501 747 3556 benivolentia.
776 3501 897 3556 Cautum
909 3502 1013 3572 quippe
1026 3504 1076 3565 est,
1096 3519 1132 3556 ne
1144 3502 1236 3558 bovem
1246 3493 1304 3566 prius

160 3607 246 3658 quarn
264 3605 343 3643 ovem
363 3588 529 3652 nominaret,
548 3588 595 3657 qui
614 3588 751 3643 indiceret
769 3591 897 3644 multam.
929 3590 971 3659 Of.
992 3590 1045 3646 (lic.
1063 3607 1148 3660 supra
1163 3607 1191 3658 p.
1209 3591 1251 3642 341
1265 3574 1305 3637 „2

162 3677 199 3730 ad
215 3693 239 3730 o.
259 3676 409 3744 locupletes
428 3677 471 3730 cit.
500 3707 532 3715 —
561 3678 588 3744 2)
606 3676 653 3729 sed
674 3676 762 3744 Mae„
791 3696 863 3745 quae
882 3678 949 3748 ΩΒ.
971 3709 999 3717 -
1021 3680 1049 3746 3)
1069 3678 1162 3747 coepit
1180 3662 1307 3731 ducali

158 3763 232 3816 Plio.
252 3764 269 3817 l.
289 3779 324 3816 c:
354 3761 465 3815 Servius
484 3781 531 3817 rex
550 3764 644 3819 ovium
663 3765 802 3835 boumque
820 3767 913 3835 effigie
931 3767 1038 3835 primus
1057 3782 1104 3820 aes
1122 3765 1248 3835 signavit.
1277 3749 1307 3811 ld

161 3854 281 3918 33‚3‚43.·
300 3849 411 3903 Servius
430 3868 478 3904 rex
496 3851 603 3920 primus
622 3852 748 3920 signavit
761 3871 820 3919 aes;
842 3857 927 3908 antea
939 3855 1002 3907 rudi
1015 3872 1077 3909 usos
1087 3853 1193 3910 Romae
1205 3852 1308 3906 'limacssl

160 3938 259 3992 tradit.
296 3937 446 4006 Signatum
470 3941 512 3992 est
537 3942 606 3994 nota
623 3941 776 4008 pecudum,
806 3942 878 3996 unde
897 3944 926 3996 et
945 3944 1064 4011 pecunia
1085 3943 1235 4011 appellata.
1250 3969 1278 3979 ·-
1291 3932 1309 3985 ll

160 4025 303 4079 mulctitia
322 4025 520 4095 (ominentia)
540 4026 575 4093 R,
594 4026 721 4081 multitia
740 4030 790 4082 aut
805 4029 914 4083 incuria
926 4029 955 4098 Q.
975 4061 1008 4069 -
1029 4031 1055 4098 5)
1067 4030 1234 4085 exstimatac
1246 4029 1274 4082 Β.
1289 4049 1310 4064 2

161 4116 187 4177 6)
206 4112 304 4167 uicesis
317 4112 347 4182 Q,
366 4113 451 4167 uicies
465 4113 499 4167 R.
522 4145 551 4152 -
572 4116 598 4181 7)
618 4114 725 4183 pacisce
741 4117 798 4169 cod.
818 4147 850 4155 —
869 4117 897 4185 8)
915 4134 1000 4185 paceo
1013 4119 1069 4173 cod.
1089 4149 1123 4157 —
1144 4120 1172 4186 9)
1189 4117 1313 4188 pelices*

159 4199 275 4268 pelicem
299 4231 332 4239 -
354 4200 434 4268 pelex
461 4201 531 4256 labri.
560 4233 595 4240 —
623 4204 664 4272 10)
690 4221 751 4257 eam
771 4205 882 4273 proprie
904 4206 933 4258 Τ.
953 4237 986 4246 -
1008 4210 1051 4275 ll)
1070 4224 1104 4261 ac
1123 4208 1157 4262 G.
1175 4239 1210 4247 —
1230 4206 1269 4275 12)
1286 4201 1316 4270 Cf·

160 4303 246 4354 supro
261 4304 289 4355 p.
309 4290 354 4354 8,2
371 4305 397 4341 a.
417 4291 440 4341 3.
471 4319 499 4326 -—
524 4290 566 4359 13)
584 4290 716 4344 dicuntur
735 4292 768 4345 G.
788 4324 822 4332 —
845 4295 885 4363 14)
905 4293 1083 4362 geminorum
1102 4297 1160 4352 cod.
1180 4327 1214 4336 -
1235 4297 1273 4366 15)
1289 4295 1321 4348 est

163 4374 219 4428 cod.
238 4404 273 4412 —
292 4375 334 4442 16)
348 4379 444 4444 parret
463 4375 534 4430 ΜΤ.
554 4408 587 4415 -
608 4380 652 4446 17)
669 4380 773 4449 parriei
792 4382 862 4438 libri.
