<?xml version="1.0" encoding="UTF-8"?>
<!DOCTYPE html PUBLIC "-//W3C//DTD XHTML 1.0 Transitional//EN"
    "http://www.w3.org/TR/xhtml1/DTD/xhtml1-transitional.dtd">
<html xmlns="http://www.w3.org/1999/xhtml" xml:lang="en" lang="en">
 <head>
  <title>
</title>
<meta http-equiv="Content-Type" content="text/html;charset=utf-8" />
  <meta name='ocr-system' content='tesseract 3.04.00' />
  <meta name='ocr-capabilities' content='ocr_page ocr_carea ocr_par ocr_line ocrx_word'/>
</head>
<body>
  <div class='ocr_page' id='page_1' title='image "./fontesiurisroma00brungoog_0410.png"; bbox 0 0 2940 4996; ppageno 0'>
   <div class='ocr_carea' id='block_1_1' title="bbox 146 305 1009 375">
    <p class='ocr_par' dir='ltr' id='par_1_1' title="bbox 146 305 1009 375">
     <span class='ocr_line' id='line_1_1' title="bbox 146 305 1009 375; baseline -0.006 -6"><span class='ocrx_word' id='word_1_1' title='bbox 146 305 210 370; x_wconf 83' lang='lat'><strong>388</strong></span> <span class='ocrx_word' id='word_1_2' title='bbox 488 305 510 358; x_wconf 84' lang='lat' dir='ltr'>E</span> <span class='ocrx_word' id='word_1_3' title='bbox 529 305 609 361; x_wconf 84' lang='lat' dir='ltr'><strong>libris</strong></span> <span class='ocrx_word' id='word_1_4' title='bbox 627 324 721 362; x_wconf 91' lang='lat' dir='ltr'><strong>rerum</strong></span> <span class='ocrx_word' id='word_1_5' title='bbox 738 308 924 375; x_wconf 79' lang='lat' dir='ltr'><strong>rusticarum,</strong></span> <span class='ocrx_word' id='word_1_6' title='bbox 935 310 954 364; x_wconf 93' lang='grc'>1.</span> <span class='ocrx_word' id='word_1_7' title='bbox 974 309 1009 364; x_wconf 92' lang='lat'><strong>11.</strong></span> 
     </span>
    </p>
   </div>
   <div class='ocr_carea' id='block_1_2' title="bbox 674 480 813 535">
    <p class='ocr_par' dir='ltr' id='par_1_2' title="bbox 674 480 813 535">
     <span class='ocr_line' id='line_1_2' title="bbox 674 480 813 535; baseline 0.014 -3"><span class='ocrx_word' id='word_1_8' title='bbox 674 480 757 535; x_wconf 89' lang='lat' dir='ltr'><strong>Liber</strong></span> <span class='ocrx_word' id='word_1_9' title='bbox 779 481 813 535; x_wconf 86' lang='grc' dir='ltr'><strong>ΙΙ.</strong></span> 
     </span>
    </p>
   </div>
   <div class='ocr_carea' id='block_1_3' title="bbox 63 589 1318 3830">
    <p class='ocr_par' dir='ltr' id='par_1_3' title="bbox 145 589 1318 989">
     <span class='ocr_line' id='line_1_3' title="bbox 233 589 1318 680; baseline 0.007 -27"><span class='ocrx_word' id='word_1_10' title='bbox 233 590 344 673; x_wconf 82' lang='lat' dir='ltr'><strong>Proef.</strong></span> <span class='ocrx_word' id='word_1_11' title='bbox 364 591 392 654; x_wconf 90' lang='lat'><strong>1.</strong></span> <span class='ocrx_word' id='word_1_12' title='bbox 428 589 500 654; x_wconf 92' lang='lat' dir='ltr'><strong>Viri</strong></span> <span class='ocrx_word' id='word_1_13' title='bbox 522 591 632 675; x_wconf 84' lang='lat' dir='ltr'><strong>magni</strong></span> <span class='ocrx_word' id='word_1_14' title='bbox 655 591 757 655; x_wconf 81' lang='lat' dir='ltr'><strong>nostri</strong></span> <span class='ocrx_word' id='word_1_15' title='bbox 779 591 915 656; x_wconf 88' lang='lat' dir='ltr'><strong>maiores</strong></span> <span class='ocrx_word' id='word_1_16' title='bbox 938 614 1002 656; x_wconf 93' lang='lat' dir='ltr'><strong>non</strong></span> <span class='ocrx_word' id='word_1_17' title='bbox 1026 594 1095 659; x_wconf 92' lang='lat' dir='ltr'><strong>sine</strong></span> <span class='ocrx_word' id='word_1_18' title='bbox 1118 616 1216 659; x_wconf 86' lang='lat' dir='ltr'><strong>causa</strong></span> <span class='ocrx_word' id='word_1_19' title='bbox 1236 619 1318 680; x_wconf 86' lang='lat' dir='ltr'><strong>prae·</strong></span> 
     </span>
     <span class='ocr_line' id='line_1_4' title="bbox 145 693 1316 781; baseline 0.006 -23"><span class='ocrx_word' id='word_1_20' title='bbox 145 694 307 778; x_wconf 89' lang='lat' dir='ltr'><strong>ponebant</strong></span> <span class='ocrx_word' id='word_1_21' title='bbox 329 695 464 758; x_wconf 83' lang='lat' dir='ltr'><strong>rusticos</strong></span> <span class='ocrx_word' id='word_1_22' title='bbox 481 693 643 759; x_wconf 85' lang='lat' dir='ltr'><strong>Romanos</strong></span> <span class='ocrx_word' id='word_1_23' title='bbox 667 696 807 759; x_wconf 91' lang='lat' dir='ltr'><strong>urbanis.</strong></span> <span class='ocrx_word' id='word_1_24' title='bbox 833 733 873 743; x_wconf 95' lang='lat'><em>-</em></span> <span class='ocrx_word' id='word_1_25' title='bbox 896 696 1011 781; x_wconf 89' lang='lat' dir='ltr'><strong>ltaque</strong></span> <span class='ocrx_word' id='word_1_26' title='bbox 1034 721 1157 763; x_wconf 90' lang='lat' dir='ltr'><strong>annum</strong></span> <span class='ocrx_word' id='word_1_27' title='bbox 1179 701 1225 764; x_wconf 88' lang='lat' dir='ltr'><strong>ite</strong></span> <span class='ocrx_word' id='word_1_28' title='bbox 1245 702 1316 765; x_wconf 80' lang='lat' dir='ltr'><strong>diri-</strong></span> 
     </span>
     <span class='ocr_line' id='line_1_5' title="bbox 147 800 1315 890; baseline 0.006 -27"><span class='ocrx_word' id='word_1_29' title='bbox 147 804 273 877; x_wconf 88' lang='lat' dir='ltr'><strong>serunt,</strong></span> <span class='ocrx_word' id='word_1_30' title='bbox 308 805 344 864; x_wconf 94' lang='lat' dir='ltr'><strong>ut</strong></span> <span class='ocrx_word' id='word_1_31' title='bbox 367 801 459 864; x_wconf 88' lang='lat' dir='ltr'><strong>nonis</strong></span> <span class='ocrx_word' id='word_1_32' title='bbox 481 800 575 865; x_wconf 93' lang='lat' dir='ltr'><strong>modo</strong></span> <span class='ocrx_word' id='word_1_33' title='bbox 599 801 709 866; x_wconf 87' lang='lat' dir='ltr'><strong>diebus</strong></span> <span class='ocrx_word' id='word_1_34' title='bbox 732 802 871 866; x_wconf 88' lang='lat' dir='ltr'><strong>urbanas</strong></span> <span class='ocrx_word' id='word_1_35' title='bbox 894 823 944 866; x_wconf 90' lang='lat' dir='ltr'><strong>res</strong></span> <span class='ocrx_word' id='word_1_36' title='bbox 966 810 1172 887; x_wconf 74' lang='lat' dir='ltr'><strong>usurparent,</strong></span> <span class='ocrx_word' id='word_1_37' title='bbox 1196 805 1315 890; x_wconf 86' lang='lat' dir='ltr'><strong>reliquis</strong></span> 
     </span>
     <span class='ocr_line' id='line_1_6' title="bbox 147 906 596 989; baseline 0.002 -21"><span class='ocrx_word' id='word_1_38' title='bbox 147 909 269 989; x_wconf 89' lang='lat' dir='ltr'><strong>septem</strong></span> <span class='ocrx_word' id='word_1_39' title='bbox 291 909 328 969; x_wconf 89' lang='lat' dir='ltr'><strong>ut</strong></span> <span class='ocrx_word' id='word_1_40' title='bbox 349 928 425 970; x_wconf 88' lang='lat' dir='ltr'><strong>rura</strong></span> <span class='ocrx_word' id='word_1_41' title='bbox 447 906 596 971; x_wconf 82' lang='lat' dir='ltr'><strong>colerent.</strong></span> 
     </span>
    </p>

    <p class='ocr_par' dir='ltr' id='par_1_4' title="bbox 145 1011 1313 1727">
     <span class='ocr_line' id='line_1_7' title="bbox 236 1011 1313 1098; baseline 0.008 -24"><span class='ocrx_word' id='word_1_42' title='bbox 236 1011 265 1090; x_wconf 88' lang='lat'><strong>1,</strong></span> <span class='ocrx_word' id='word_1_43' title='bbox 289 1013 319 1075; x_wconf 88' lang='lat'><strong>9.</strong></span> <span class='ocrx_word' id='word_1_44' title='bbox 364 1011 583 1075; x_wconf 84' lang='lat' dir='ltr'><strong>Romanorum</strong></span> <span class='ocrx_word' id='word_1_45' title='bbox 605 1049 648 1058; x_wconf 89' lang='lat'>—</span> <span class='ocrx_word' id='word_1_46' title='bbox 671 1011 822 1096; x_wconf 94' lang='lat' dir='ltr'><strong>populum</strong></span> <span class='ocrx_word' id='word_1_47' title='bbox 856 1036 874 1077; x_wconf 91' lang='lat' dir='ltr'><strong>a</strong></span> <span class='ocrx_word' id='word_1_48' title='bbox 910 1014 1092 1098; x_wconf 73' lang='lat' dir='ltr'><strong>pastoribus</strong></span> <span class='ocrx_word' id='word_1_49' title='bbox 1123 1038 1192 1082; x_wconf 89' lang='lat' dir='ltr'><strong>esse</strong></span> <span class='ocrx_word' id='word_1_50' title='bbox 1220 1021 1313 1082; x_wconf 87' lang='lat' dir='ltr'><strong>ortum</strong></span> 
     </span>
     <span class='ocr_line' id='line_1_8' title="bbox 149 1116 1312 1200; baseline 0.006 -21"><span class='ocrx_word' id='word_1_51' title='bbox 149 1117 220 1200; x_wconf 89' lang='lat' dir='ltr'><strong>quis</strong></span> <span class='ocrx_word' id='word_1_52' title='bbox 244 1139 307 1180; x_wconf 93' lang='lat' dir='ltr'><strong>non</strong></span> <span class='ocrx_word' id='word_1_53' title='bbox 332 1117 432 1181; x_wconf 78' lang='lat' dir='ltr'><strong>dicit?</strong></span> <span class='ocrx_word' id='word_1_54' title='bbox 455 1154 498 1162; x_wconf 97' lang='lat'>—</span> <span class='ocrx_word' id='word_1_55' title='bbox 520 1117 623 1180; x_wconf 90' lang='lat' dir='ltr'><strong>multa</strong></span> <span class='ocrx_word' id='word_1_56' title='bbox 646 1116 742 1181; x_wconf 90' lang='lat' dir='ltr'><strong>etiam</strong></span> <span class='ocrx_word' id='word_1_57' title='bbox 765 1140 850 1182; x_wconf 86' lang='lat' dir='ltr'><strong>nuno</strong></span> <span class='ocrx_word' id='word_1_58' title='bbox 874 1141 911 1183; x_wconf 85' lang='lat' dir='ltr'><strong>ex</strong></span> <span class='ocrx_word' id='word_1_59' title='bbox 934 1129 1039 1184; x_wconf 84' lang='lat' dir='ltr'><strong>vetere</strong></span> <span class='ocrx_word' id='word_1_60' title='bbox 1054 1120 1208 1186; x_wconf 89' lang='lat' dir='ltr'><strong>instituto</strong></span> <span class='ocrx_word' id='word_1_61' title='bbox 1222 1122 1312 1186; x_wconf 87' lang='lat' dir='ltr'><strong>bubus</strong></span> 
     </span>
     <span class='ocr_line' id='line_1_9' title="bbox 148 1221 1310 1309; baseline 0.006 -25"><span class='ocrx_word' id='word_1_62' title='bbox 148 1224 180 1284; x_wconf 87' lang='lat' dir='ltr'><strong>et</strong></span> <span class='ocrx_word' id='word_1_63' title='bbox 203 1221 314 1285; x_wconf 86' lang='lat' dir='ltr'><strong>ovibus</strong></span> <span class='ocrx_word' id='word_1_64' title='bbox 346 1221 471 1300; x_wconf 86' lang='lat' dir='ltr'><strong>dicitur,</strong></span> <span class='ocrx_word' id='word_1_65' title='bbox 496 1259 535 1266; x_wconf 81' lang='lat'><strong>-</strong></span> <span class='ocrx_word' id='word_1_66' title='bbox 560 1225 593 1285; x_wconf 90' lang='lat' dir='ltr'><strong>et</strong></span> <span class='ocrx_word' id='word_1_67' title='bbox 624 1243 676 1285; x_wconf 93' lang='lat' dir='ltr'><strong>aes</strong></span> <span class='ocrx_word' id='word_1_68' title='bbox 699 1221 975 1306; x_wconf 87' lang='lat' dir='ltr'><strong>antiquissimum,</strong></span> <span class='ocrx_word' id='word_1_69' title='bbox 1009 1226 1095 1309; x_wconf 92' lang='lat' dir='ltr'><strong>quod</strong></span> <span class='ocrx_word' id='word_1_70' title='bbox 1130 1230 1180 1291; x_wconf 91' lang='lat' dir='ltr'><strong>est</strong></span> <span class='ocrx_word' id='word_1_71' title='bbox 1201 1227 1310 1305; x_wconf 84' lang='lat' dir='ltr'><strong>flatum,</strong></span> 
     </span>
     <span class='ocr_line' id='line_1_10' title="bbox 148 1322 1308 1414; baseline 0.005 -25"><span class='ocrx_word' id='word_1_72' title='bbox 148 1322 260 1409; x_wconf 86' lang='lat' dir='ltr'><strong>pecore</strong></span> <span class='ocrx_word' id='word_1_73' title='bbox 283 1330 330 1392; x_wconf 91' lang='lat' dir='ltr'><strong>est</strong></span> <span class='ocrx_word' id='word_1_74' title='bbox 352 1330 510 1390; x_wconf 91' lang='lat' dir='ltr'><strong>notatum.</strong></span> <span class='ocrx_word' id='word_1_75' title='bbox 533 1363 577 1372; x_wconf 92' lang='lat'>—</span> <span class='ocrx_word' id='word_1_76' title='bbox 604 1328 652 1389; x_wconf 86' lang='lat'><strong>15.</strong></span> <span class='ocrx_word' id='word_1_77' title='bbox 677 1323 798 1400; x_wconf 83' lang='lat' dir='ltr'><strong>Quarta</strong></span> <span class='ocrx_word' id='word_1_78' title='bbox 820 1349 895 1410; x_wconf 89' lang='lat' dir='ltr'><strong>pars</strong></span> <span class='ocrx_word' id='word_1_79' title='bbox 918 1332 966 1391; x_wconf 90' lang='lat' dir='ltr'><strong>est</strong></span> <span class='ocrx_word' id='word_1_80' title='bbox 983 1328 1021 1392; x_wconf 91' lang='lat' dir='ltr'><strong>de</strong></span> <span class='ocrx_word' id='word_1_81' title='bbox 1035 1329 1105 1394; x_wconf 91' lang='lat' dir='ltr'><strong>iure</strong></span> <span class='ocrx_word' id='word_1_82' title='bbox 1121 1331 1155 1393; x_wconf 92' lang='lat' dir='ltr'><strong>in</strong></span> <span class='ocrx_word' id='word_1_83' title='bbox 1172 1332 1308 1414; x_wconf 87' lang='lat' dir='ltr'><strong>parando,</strong></span> 
     </span>
     <span class='ocr_line' id='line_1_11' title="bbox 146 1431 1307 1517; baseline 0.005 -23"><span class='ocrx_word' id='word_1_84' title='bbox 146 1453 240 1514; x_wconf 91' lang='lat' dir='ltr'><strong>quem</strong></span> <span class='ocrx_word' id='word_1_85' title='bbox 269 1433 309 1497; x_wconf 87' lang='lat' dir='ltr'><strong>ad</strong></span> <span class='ocrx_word' id='word_1_86' title='bbox 341 1433 470 1497; x_wconf 92' lang='lat' dir='ltr'><strong>modum</strong></span> <span class='ocrx_word' id='word_1_87' title='bbox 505 1453 662 1515; x_wconf 89' lang='lat' dir='ltr'><strong>quamque</strong></span> <span class='ocrx_word' id='word_1_88' title='bbox 693 1431 844 1515; x_wconf 84' lang='lat' dir='ltr'><strong>pecudem</strong></span> <span class='ocrx_word' id='word_1_89' title='bbox 876 1432 937 1495; x_wconf 90' lang='lat' dir='ltr'><strong>emi</strong></span> <span class='ocrx_word' id='word_1_90' title='bbox 966 1439 1114 1517; x_wconf 76' lang='lat' dir='ltr'>oporteat</span> <span class='ocrx_word' id='word_1_91' title='bbox 1138 1437 1223 1501; x_wconf 87' lang='lat' dir='ltr'><strong>civili</strong></span> <span class='ocrx_word' id='word_1_92' title='bbox 1243 1437 1307 1500; x_wconf 85' lang='lat' dir='ltr'><strong>iure.</strong></span> 
     </span>
     <span class='ocr_line' id='line_1_12' title="bbox 147 1535 1306 1626; baseline 0.004 -27"><span class='ocrx_word' id='word_1_93' title='bbox 147 1535 237 1610; x_wconf 78' lang='lat' dir='ltr'><strong>Quod</strong></span> <span class='ocrx_word' id='word_1_94' title='bbox 260 1537 344 1601; x_wconf 88' lang='lat' dir='ltr'><strong>enim</strong></span> <span class='ocrx_word' id='word_1_95' title='bbox 370 1538 501 1602; x_wconf 87' lang='lat' dir='ltr'><strong>alterius</strong></span> <span class='ocrx_word' id='word_1_96' title='bbox 524 1537 603 1614; x_wconf 86' lang='lat' dir='ltr'><strong>fuit,</strong></span> <span class='ocrx_word' id='word_1_97' title='bbox 636 1536 668 1600; x_wconf 92' lang='lat' dir='ltr'><strong>id</strong></span> <span class='ocrx_word' id='word_1_98' title='bbox 691 1541 728 1600; x_wconf 91' lang='lat' dir='ltr'><strong>ut</strong></span> <span class='ocrx_word' id='word_1_99' title='bbox 750 1536 809 1600; x_wconf 87' lang='lat' dir='ltr'><strong>fiat</strong></span> <span class='ocrx_word' id='word_1_100' title='bbox 831 1559 951 1617; x_wconf 90' lang='lat' dir='ltr'><strong>meum,</strong></span> <span class='ocrx_word' id='word_1_101' title='bbox 982 1561 1108 1605; x_wconf 87' lang='lat' dir='ltr'><strong>neeesse</strong></span> <span class='ocrx_word' id='word_1_102' title='bbox 1132 1545 1181 1605; x_wconf 89' lang='lat' dir='ltr'><strong>est</strong></span> <span class='ocrx_word' id='word_1_103' title='bbox 1205 1542 1306 1626; x_wconf 88' lang='lat' dir='ltr'><strong>aliquid</strong></span> 
     </span>
     <span class='ocr_line' id='line_1_13' title="bbox 145 1641 1303 1727; baseline 0.004 -23"><span class='ocrx_word' id='word_1_104' title='bbox 145 1641 356 1721; x_wconf 85' lang='lat' dir='ltr'><strong>intercedere;</strong></span> <span class='ocrx_word' id='word_1_105' title='bbox 391 1665 493 1727; x_wconf 90' lang='lat' dir='ltr'><strong>neque</strong></span> <span class='ocrx_word' id='word_1_106' title='bbox 515 1643 549 1706; x_wconf 89' lang='lat' dir='ltr'><strong>in</strong></span> <span class='ocrx_word' id='word_1_107' title='bbox 573 1642 720 1706; x_wconf 88' lang='lat' dir='ltr'><strong>omnibus</strong></span> <span class='ocrx_word' id='word_1_108' title='bbox 752 1643 829 1706; x_wconf 83' lang='lat' dir='ltr'><strong>setis</strong></span> <span class='ocrx_word' id='word_1_109' title='bbox 858 1647 907 1707; x_wconf 91' lang='lat' dir='ltr'><strong>est</strong></span> <span class='ocrx_word' id='word_1_110' title='bbox 929 1644 1097 1727; x_wconf 70' lang='lat' dir='ltr'><strong>stipulatio</strong></span> <span class='ocrx_word' id='word_1_111' title='bbox 1128 1649 1185 1710; x_wconf 84' lang='lat' dir='ltr'><strong>aut</strong></span> <span class='ocrx_word' id='word_1_112' title='bbox 1206 1647 1303 1711; x_wconf 89' lang='lat' dir='ltr'><strong>solutio</strong></span> 
     </span>
    </p>

    <p class='ocr_par' dir='ltr' id='par_1_5' title="bbox 63 1747 1303 2128">
     <span class='ocr_line' id='line_1_14' title="bbox 145 1747 1303 1836; baseline 0.005 -26"><span class='ocrx_word' id='word_1_113' title='bbox 145 1769 348 1811; x_wconf 91' lang='lat' dir='ltr'><strong>nummorum</strong></span> <span class='ocrx_word' id='word_1_114' title='bbox 372 1748 411 1811; x_wconf 92' lang='lat' dir='ltr'><strong>ad</strong></span> <span class='ocrx_word' id='word_1_115' title='bbox 433 1749 644 1813; x_wconf 87' lang='lat' dir='ltr'><strong>mutationem</strong></span> <span class='ocrx_word' id='word_1_116' title='bbox 667 1747 798 1811; x_wconf 90' lang='lat' dir='ltr'><strong>domini.</strong></span> <span class='ocrx_word' id='word_1_117' title='bbox 824 1785 866 1794; x_wconf 88' lang='lat'>-</span> <span class='ocrx_word' id='word_1_118' title='bbox 890 1748 941 1812; x_wconf 87' lang='lat'><strong>16.</strong></span> <span class='ocrx_word' id='word_1_119' title='bbox 966 1747 1087 1834; x_wconf 79' lang='lat' dir='ltr'><strong>Greges</strong></span> <span class='ocrx_word' id='word_1_120' title='bbox 1103 1752 1212 1816; x_wconf 87' lang='lat' dir='ltr'><strong>ovium</strong></span> <span class='ocrx_word' id='word_1_121' title='bbox 1229 1752 1303 1836; x_wconf 80' lang='lat' dir='ltr'><strong>longe</strong></span> 
     </span>
     <span class='ocr_line' id='line_1_15' title="bbox 63 1839 1302 1941; baseline 0.006 -27"><span class='ocrx_word' id='word_1_122' title='bbox 63 1839 68 1847; x_wconf 40' lang='lat'>¹</span> <span class='ocrx_word' id='word_1_123' title='bbox 146 1852 323 1937; x_wconf 87' lang='lat' dir='ltr'><strong>abiguntur</strong></span> <span class='ocrx_word' id='word_1_124' title='bbox 352 1876 390 1917; x_wconf 87' lang='lat' dir='ltr'><strong>ex</strong></span> <span class='ocrx_word' id='word_1_125' title='bbox 413 1853 534 1938; x_wconf 86' lang='lat' dir='ltr'><strong>Apulia</strong></span> <span class='ocrx_word' id='word_1_126' title='bbox 563 1853 597 1917; x_wconf 91' lang='lat' dir='ltr'><strong>in</strong></span> <span class='ocrx_word' id='word_1_127' title='bbox 622 1851 787 1918; x_wconf 84' lang='lat' dir='ltr'><strong>Samnium</strong></span> <span class='ocrx_word' id='word_1_128' title='bbox 812 1852 1013 1932; x_wconf 85' lang='lat' dir='ltr'><strong>aestivatum,</strong></span> <span class='ocrx_word' id='word_1_129' title='bbox 1038 1859 1136 1940; x_wconf 90' lang='lat' dir='ltr'><strong>atque</strong></span> <span class='ocrx_word' id='word_1_130' title='bbox 1159 1857 1197 1921; x_wconf 88' lang='lat' dir='ltr'><strong>ad</strong></span> <span class='ocrx_word' id='word_1_131' title='bbox 1217 1857 1302 1941; x_wconf 92' lang='lat' dir='ltr'><strong>publi·</strong></span> 
     </span>
     <span class='ocr_line' id='line_1_16' title="bbox 145 1957 1300 2049; baseline 0.005 -28"><span class='ocrx_word' id='word_1_132' title='bbox 145 1979 256 2022; x_wconf 86' lang='lat' dir='ltr'><strong>eanum</strong></span> <span class='ocrx_word' id='word_1_133' title='bbox 282 1957 485 2042; x_wconf 89' lang='lat' dir='ltr'><strong>profitentur,</strong></span> <span class='ocrx_word' id='word_1_134' title='bbox 515 1981 565 2038; x_wconf 88' lang='lat' dir='ltr'><strong>ne,</strong></span> <span class='ocrx_word' id='word_1_135' title='bbox 596 1959 623 2023; x_wconf 88' lang='lat' dir='ltr'><strong>si</strong></span> <span class='ocrx_word' id='word_1_136' title='bbox 645 1959 836 2044; x_wconf 83' lang='lat' dir='ltr'><strong>inscriptum</strong></span> <span class='ocrx_word' id='word_1_137' title='bbox 859 1980 954 2043; x_wconf 83' lang='lat' dir='ltr'><strong>pecus</strong></span> <span class='ocrx_word' id='word_1_138' title='bbox 977 1963 1136 2044; x_wconf 83' lang='lat' dir='ltr'><strong>paverint,</strong></span> <span class='ocrx_word' id='word_1_139' title='bbox 1160 1963 1228 2049; x_wconf 79' lang='lat' dir='ltr'><strong>lege</strong></span> <span class='ocrx_word' id='word_1_140' title='bbox 1247 1987 1300 2028; x_wconf 84' lang='lat' dir='ltr'><strong>oen-</strong></span> 
     </span>
     <span class='ocr_line' id='line_1_17' title="bbox 144 2063 464 2128; baseline 0.006 -2"><span class='ocrx_word' id='word_1_141' title='bbox 144 2063 228 2126; x_wconf 89' lang='lat' dir='ltr'><strong>soria</strong></span> <span class='ocrx_word' id='word_1_142' title='bbox 250 2063 464 2128; x_wconf 84' lang='lat' dir='ltr'><strong>committant.</strong></span> 
     </span>
    </p>

    <p class='ocr_par' dir='ltr' id='par_1_6' title="bbox 142 2167 1298 3724">
     <span class='ocr_line' id='line_1_18' title="bbox 232 2167 1298 2255; baseline 0.001 -24"><span class='ocrx_word' id='word_1_143' title='bbox 232 2167 262 2248; x_wconf 83' lang='lat'><strong>2,</strong></span> <span class='ocrx_word' id='word_1_144' title='bbox 287 2171 316 2233; x_wconf 82' lang='lat'><strong>5.</strong></span> <span class='ocrx_word' id='word_1_145' title='bbox 363 2168 417 2234; x_wconf 77' lang='grc'><strong>166</strong></span> <span class='ocrx_word' id='word_1_146' title='bbox 434 2170 648 2253; x_wconf 85' lang='lat' dir='ltr'><strong>emptionibus</strong></span> <span class='ocrx_word' id='word_1_147' title='bbox 677 2169 812 2254; x_wconf 86' lang='lat' dir='ltr'><strong>(ovium)</strong></span> <span class='ocrx_word' id='word_1_148' title='bbox 845 2170 914 2234; x_wconf 90' lang='lat' dir='ltr'><strong>iure</strong></span> <span class='ocrx_word' id='word_1_149' title='bbox 945 2169 1068 2234; x_wconf 91' lang='lat' dir='ltr'><strong>utimur</strong></span> <span class='ocrx_word' id='word_1_150' title='bbox 1097 2193 1155 2252; x_wconf 87' lang='lat' dir='ltr'><strong>eo,</strong></span> <span class='ocrx_word' id='word_1_151' title='bbox 1187 2192 1246 2255; x_wconf 87' lang='lat' dir='ltr'><strong>quo</strong></span> <span class='ocrx_word' id='word_1_152' title='bbox 1262 2170 1298 2234; x_wconf 78' lang='lat' dir='ltr'><strong>lex</strong></span> 
     </span>
     <span class='ocr_line' id='line_1_19' title="bbox 144 2274 1297 2361; baseline 0.001 -24"><span class='ocrx_word' id='word_1_153' title='bbox 144 2274 366 2358; x_wconf 84' lang='lat' dir='ltr'><strong>praeseripsit;</strong></span> <span class='ocrx_word' id='word_1_154' title='bbox 391 2274 424 2338; x_wconf 94' lang='lat' dir='ltr'><strong>in</strong></span> <span class='ocrx_word' id='word_1_155' title='bbox 448 2297 485 2339; x_wconf 87' lang='lat' dir='ltr'><strong>ea</strong></span> <span class='ocrx_word' id='word_1_156' title='bbox 508 2275 592 2339; x_wconf 91' lang='lat' dir='ltr'><strong>enim</strong></span> <span class='ocrx_word' id='word_1_157' title='bbox 609 2275 664 2338; x_wconf 87' lang='lat' dir='ltr'><strong>alii</strong></span> <span class='ocrx_word' id='word_1_158' title='bbox 680 2275 783 2359; x_wconf 89' lang='lat' dir='ltr'><strong>plura,</strong></span> <span class='ocrx_word' id='word_1_159' title='bbox 808 2274 863 2338; x_wconf 87' lang='lat' dir='ltr'><strong>alii</strong></span> <span class='ocrx_word' id='word_1_160' title='bbox 878 2276 1028 2359; x_wconf 83' lang='lat' dir='ltr'><strong>pauciora</strong></span> <span class='ocrx_word' id='word_1_161' title='bbox 1044 2276 1225 2361; x_wconf 79' lang='lat' dir='ltr'><strong>excipiunt3</strong></span> <span class='ocrx_word' id='word_1_162' title='bbox 1246 2275 1297 2360; x_wconf 89' lang='lat' dir='ltr'><strong>qui·</strong></span> 
     </span>
     <span class='ocr_line' id='line_1_20' title="bbox 147 2378 1295 2465; baseline 0 -23"><span class='ocrx_word' id='word_1_163' title='bbox 147 2378 219 2442; x_wconf 85' lang='lat' dir='ltr'><strong>dum</strong></span> <span class='ocrx_word' id='word_1_164' title='bbox 244 2379 327 2444; x_wconf 90' lang='lat' dir='ltr'><strong>enim</strong></span> <span class='ocrx_word' id='word_1_165' title='bbox 350 2381 453 2464; x_wconf 88' lang='lat' dir='ltr'><strong>pretio</strong></span> <span class='ocrx_word' id='word_1_166' title='bbox 476 2379 562 2444; x_wconf 85' lang='lat' dir='ltr'><strong>facto</strong></span> <span class='ocrx_word' id='word_1_167' title='bbox 585 2380 619 2443; x_wconf 91' lang='lat' dir='ltr'><strong>in</strong></span> <span class='ocrx_word' id='word_1_168' title='bbox 643 2380 786 2464; x_wconf 84' lang='lat' dir='ltr'><strong>singulas</strong></span> <span class='ocrx_word' id='word_1_169' title='bbox 809 2401 892 2459; x_wconf 86' lang='lat' dir='ltr'><strong>oves,</strong></span> <span class='ocrx_word' id='word_1_170' title='bbox 916 2383 953 2443; x_wconf 89' lang='lat' dir='ltr'><strong>ut</strong></span> <span class='ocrx_word' id='word_1_171' title='bbox 976 2381 1053 2465; x_wconf 85' lang='lat' dir='ltr'><strong>agni</strong></span> <span class='ocrx_word' id='word_1_172' title='bbox 1075 2383 1163 2446; x_wconf 89' lang='lat' dir='ltr'><strong>oordi</strong></span> <span class='ocrx_word' id='word_1_173' title='bbox 1186 2382 1244 2446; x_wconf 92' lang='lat' dir='ltr'><strong>duo</strong></span> <span class='ocrx_word' id='word_1_174' title='bbox 1254 2399 1295 2464; x_wconf 89' lang='lat' dir='ltr'><strong>pro</strong></span> 
     </span>
     <span class='ocr_line' id='line_1_21' title="bbox 144 2485 1295 2568; baseline 0.001 -21"><span class='ocrx_word' id='word_1_175' title='bbox 144 2507 209 2548; x_wconf 91' lang='lat' dir='ltr'><strong>una</strong></span> <span class='ocrx_word' id='word_1_176' title='bbox 232 2506 290 2550; x_wconf 87' lang='lat' dir='ltr'><strong>ove</strong></span> <span class='ocrx_word' id='word_1_177' title='bbox 313 2487 570 2564; x_wconf 85' lang='lat' dir='ltr'><strong>adnumerentur,</strong></span> <span class='ocrx_word' id='word_1_178' title='bbox 594 2488 626 2548; x_wconf 91' lang='lat' dir='ltr'><strong>et</strong></span> <span class='ocrx_word' id='word_1_179' title='bbox 649 2485 676 2548; x_wconf 90' lang='lat' dir='ltr'><strong>si</strong></span> <span class='ocrx_word' id='word_1_180' title='bbox 698 2485 765 2548; x_wconf 87' lang='lat' dir='ltr'><strong>oui1</strong></span> <span class='ocrx_word' id='word_1_181' title='bbox 789 2488 948 2549; x_wconf 83' lang='lat' dir='ltr'><strong>vetustate</strong></span> <span class='ocrx_word' id='word_1_182' title='bbox 968 2485 1078 2550; x_wconf 87' lang='lat' dir='ltr'><strong>dentes</strong></span> <span class='ocrx_word' id='word_1_183' title='bbox 1094 2488 1219 2568; x_wconf 89' lang='lat' dir='ltr'><strong>absunt,</strong></span> <span class='ocrx_word' id='word_1_184' title='bbox 1239 2487 1295 2550; x_wconf 83' lang='lat' dir='ltr'><strong>item</strong></span> 
     </span>
     <span class='ocr_line' id='line_1_22' title="bbox 144 2589 1295 2677; baseline -0.003 -23"><span class='ocrx_word' id='word_1_185' title='bbox 144 2592 237 2655; x_wconf 89' lang='lat' dir='ltr'><strong>binae</strong></span> <span class='ocrx_word' id='word_1_186' title='bbox 261 2614 320 2675; x_wconf 91' lang='lat' dir='ltr'><strong>pro</strong></span> <span class='ocrx_word' id='word_1_187' title='bbox 343 2590 478 2677; x_wconf 86' lang='lat' dir='ltr'><strong>singulis</strong></span> <span class='ocrx_word' id='word_1_188' title='bbox 501 2594 538 2653; x_wconf 96' lang='lat' dir='ltr'><strong>ut</strong></span> <span class='ocrx_word' id='word_1_189' title='bbox 560 2590 742 2673; x_wconf 88' lang='lat' dir='ltr'><strong>procedant.</strong></span> <span class='ocrx_word' id='word_1_190' title='bbox 788 2589 837 2654; x_wconf 91' lang='lat' dir='ltr'><strong>De</strong></span> <span class='ocrx_word' id='word_1_191' title='bbox 860 2590 982 2672; x_wconf 90' lang='lat' dir='ltr'><strong>reliquo</strong></span> <span class='ocrx_word' id='word_1_192' title='bbox 1010 2592 1145 2675; x_wconf 89' lang='lat' dir='ltr'><strong>antiqua</strong></span> <span class='ocrx_word' id='word_1_193' title='bbox 1168 2592 1230 2657; x_wconf 88' lang='lat' dir='ltr'><strong>fere</strong></span> <span class='ocrx_word' id='word_1_194' title='bbox 1248 2590 1295 2654; x_wconf 89' lang='lat' dir='ltr'><strong>for·</strong></span> 
     </span>
     <span class='ocr_line' id='line_1_23' title="bbox 145 2694 1294 2781; baseline -0.005 -21"><span class='ocrx_word' id='word_1_195' title='bbox 145 2697 234 2760; x_wconf 89' lang='lat' dir='ltr'><strong>mula</strong></span> <span class='ocrx_word' id='word_1_196' title='bbox 265 2700 407 2760; x_wconf 87' lang='lat' dir='ltr'><strong>utuntur.</strong></span> <span class='ocrx_word' id='word_1_197' title='bbox 441 2717 513 2759; x_wconf 90' lang='lat' dir='ltr'><strong>oum</strong></span> <span class='ocrx_word' id='word_1_198' title='bbox 536 2699 661 2778; x_wconf 88' lang='lat' dir='ltr'><strong>emptor</strong></span> <span class='ocrx_word' id='word_1_199' title='bbox 683 2694 784 2758; x_wconf 87' lang='lat' dir='ltr'><strong>dixit:</strong></span> <span class='ocrx_word' id='word_1_200' title='bbox 817 2695 911 2757; x_wconf 88' lang='lat' dir='ltr'><strong>‘tanti</strong></span> <span class='ocrx_word' id='word_1_201' title='bbox 933 2699 1008 2759; x_wconf 87' lang='lat' dir='ltr'><strong>sunt</strong></span> <span class='ocrx_word' id='word_1_202' title='bbox 1030 2696 1075 2758; x_wconf 93' lang='lat' dir='ltr'><strong>mi</strong></span> <span class='ocrx_word' id='word_1_203' title='bbox 1099 2700 1222 2781; x_wconf 84' lang='lat' dir='ltr'><strong>emptae</strong></span> <span class='ocrx_word' id='word_1_204' title='bbox 1231 2697 1250 2760; x_wconf 60' lang='grc' dir='ltr'><strong>θ’</strong></span> <span class='ocrx_word' id='word_1_205' title='bbox 1272 2696 1294 2756; x_wconf 85' lang='lat' dir='ltr'><strong>et</strong></span> 
     </span>
     <span class='ocr_line' id='line_1_24' title="bbox 145 2798 1293 2886; baseline -0.003 -20"><span class='ocrx_word' id='word_1_206' title='bbox 145 2803 200 2867; x_wconf 92' lang='lat' dir='ltr'><strong>ille</strong></span> <span class='ocrx_word' id='word_1_207' title='bbox 223 2803 400 2886; x_wconf 89' lang='lat' dir='ltr'><strong>respondit:</strong></span> <span class='ocrx_word' id='word_1_208' title='bbox 425 2803 520 2865; x_wconf 83' lang='lat' dir='ltr'><strong>‘sunt’</strong></span> <span class='ocrx_word' id='word_1_209' title='bbox 544 2804 576 2864; x_wconf 89' lang='lat' dir='ltr'><strong>et</strong></span> <span class='ocrx_word' id='word_1_210' title='bbox 599 2800 785 2883; x_wconf 90' lang='lat' dir='ltr'><strong>expromisit</strong></span> <span class='ocrx_word' id='word_1_211' title='bbox 808 2821 965 2879; x_wconf 85' lang='lat' dir='ltr'><strong>nummos,</strong></span> <span class='ocrx_word' id='word_1_212' title='bbox 989 2801 1018 2863; x_wconf 79' lang='lat'><strong>6.</strong></span> <span class='ocrx_word' id='word_1_213' title='bbox 1043 2805 1169 2885; x_wconf 85' lang='lat' dir='ltr'><strong>emptor</strong></span> <span class='ocrx_word' id='word_1_214' title='bbox 1185 2798 1293 2884; x_wconf 79' lang='lat' dir='ltr'><strong>stipula·</strong></span> 
     </span>
     <span class='ocr_line' id='line_1_25' title="bbox 144 2902 1290 2991; baseline -0.006 -20"><span class='ocrx_word' id='word_1_215' title='bbox 144 2913 198 2972; x_wconf 90' lang='lat' dir='ltr'><strong>tur</strong></span> <span class='ocrx_word' id='word_1_216' title='bbox 220 2908 324 2991; x_wconf 85' lang='lat' dir='ltr'><strong>prisca</strong></span> <span class='ocrx_word' id='word_1_217' title='bbox 346 2907 486 2970; x_wconf 82' lang='lat' dir='ltr'><strong>formula</strong></span> <span class='ocrx_word' id='word_1_218' title='bbox 508 2906 568 2970; x_wconf 87' lang='lat' dir='ltr'><strong>sic:</strong></span> <span class='ocrx_word' id='word_1_219' title='bbox 600 2902 739 2968; x_wconf 73' lang='grc' dir='ltr'><strong>ι11166662</strong></span> <span class='ocrx_word' id='word_1_220' title='bbox 764 2927 848 2984; x_wconf 85' lang='lat' dir='ltr'><strong>oves,</strong></span> <span class='ocrx_word' id='word_1_221' title='bbox 880 2905 1003 2989; x_wconf 86' lang='lat' dir='ltr'><strong>quade</strong></span> <span class='ocrx_word' id='word_1_222' title='bbox 1027 2927 1061 2970; x_wconf 91' lang='lat' dir='ltr'><strong>re</strong></span> <span class='ocrx_word' id='word_1_223' title='bbox 1084 2907 1201 2991; x_wconf 84' lang='lat' dir='ltr'><strong>agitur,</strong></span> <span class='ocrx_word' id='word_1_224' title='bbox 1222 2923 1290 2970; x_wconf 83' lang='lat' dir='ltr'><strong>sanas</strong></span> 
     </span>
     <span class='ocr_line' id='line_1_26' title="bbox 145 3008 1289 3096; baseline -0.005 -20"><span class='ocrx_word' id='word_1_225' title='bbox 145 3017 229 3078; x_wconf 89' lang='grc'>66666</span> <span class='ocrx_word' id='word_1_226' title='bbox 251 3035 327 3092; x_wconf 86' lang='grc'>6666,</span> <span class='ocrx_word' id='word_1_227' title='bbox 350 3011 399 3076; x_wconf 92' lang='lat' dir='ltr'><strong>uti</strong></span> <span class='ocrx_word' id='word_1_228' title='bbox 422 3034 516 3096; x_wconf 89' lang='lat' dir='ltr'><strong>peous</strong></span> <span class='ocrx_word' id='word_1_229' title='bbox 539 3011 682 3090; x_wconf 86' lang='lat' dir='ltr'><strong>ovillum,</strong></span> <span class='ocrx_word' id='word_1_230' title='bbox 706 3011 791 3093; x_wconf 92' lang='lat' dir='ltr'><strong>quod</strong></span> <span class='ocrx_word' id='word_1_231' title='bbox 814 3014 898 3075; x_wconf 88' lang='grc'>66666</span> <span class='ocrx_word' id='word_1_232' title='bbox 920 3032 1034 3074; x_wconf 87' lang='lat' dir='ltr'><strong>sanum</strong></span> <span class='ocrx_word' id='word_1_233' title='bbox 1056 3015 1116 3089; x_wconf 87' lang='lat' dir='ltr'><strong>est,</strong></span> <span class='ocrx_word' id='word_1_234' title='bbox 1140 3016 1225 3076; x_wconf 84' lang='lat' dir='ltr'><strong>extra</strong></span> <span class='ocrx_word' id='word_1_235' title='bbox 1242 3008 1289 3072; x_wconf 87' lang='lat' dir='ltr'><strong>lus·</strong></span> 
     </span>
     <span class='ocr_line' id='line_1_27' title="bbox 142 3115 1288 3201; baseline 0 -19"><span class='ocrx_word' id='word_1_236' title='bbox 142 3142 228 3196; x_wconf 86' lang='lat' dir='ltr'><strong>cam,</strong></span> <span class='ocrx_word' id='word_1_237' title='bbox 262 3118 400 3195; x_wconf 87' lang='lat' dir='ltr'><strong>surdam,</strong></span> <span class='ocrx_word' id='word_1_238' title='bbox 430 3117 548 3179; x_wconf 89' lang='lat' dir='ltr'><strong>minam</strong></span> <span class='ocrx_word' id='word_1_239' title='bbox 574 3115 621 3198; x_wconf 92' lang='lat' dir='ltr'><strong>(id</strong></span> <span class='ocrx_word' id='word_1_240' title='bbox 644 3120 691 3179; x_wconf 90' lang='grc'><strong>666</strong></span> <span class='ocrx_word' id='word_1_241' title='bbox 714 3120 824 3180; x_wconf 87' lang='lat' dir='ltr'><strong>ventre</strong></span> <span class='ocrx_word' id='word_1_242' title='bbox 847 3115 991 3200; x_wconf 80' lang='lat' dir='ltr'><strong>glabro),</strong></span> <span class='ocrx_word' id='word_1_243' title='bbox 1023 3139 1126 3201; x_wconf 90' lang='lat' dir='ltr'><strong>neque</strong></span> <span class='ocrx_word' id='word_1_244' title='bbox 1148 3118 1185 3182; x_wconf 92' lang='lat' dir='ltr'><strong>de</strong></span> <span class='ocrx_word' id='word_1_245' title='bbox 1205 3130 1288 3201; x_wconf 68' lang='lat' dir='ltr'><strong>pedore</strong></span> 
     </span>
     <span class='ocr_line' id='line_1_28' title="bbox 144 3221 1288 3305; baseline -0.004 -16"><span class='ocrx_word' id='word_1_246' title='bbox 144 3224 291 3289; x_wconf 91' lang='lat' dir='ltr'><strong>morboso</strong></span> <span class='ocrx_word' id='word_1_247' title='bbox 314 3245 390 3300; x_wconf 88' lang='lat' dir='ltr'><strong>esse,</strong></span> <span class='ocrx_word' id='word_1_248' title='bbox 414 3221 592 3305; x_wconf 90' lang='lat' dir='ltr'><strong>habereque</strong></span> <span class='ocrx_word' id='word_1_249' title='bbox 615 3225 700 3285; x_wconf 85' lang='lat' dir='ltr'><strong>reete</strong></span> <span class='ocrx_word' id='word_1_250' title='bbox 722 3221 830 3298; x_wconf 80' lang='lat' dir='ltr'><strong>licere3</strong></span> <span class='ocrx_word' id='word_1_251' title='bbox 855 3221 933 3285; x_wconf 86' lang='lat' dir='ltr'><strong>haee</strong></span> <span class='ocrx_word' id='word_1_252' title='bbox 956 3221 1000 3285; x_wconf 87' lang='grc'><strong>616</strong></span> <span class='ocrx_word' id='word_1_253' title='bbox 1022 3226 1108 3286; x_wconf 85' lang='lat' dir='ltr'><strong>reete</strong></span> <span class='ocrx_word' id='word_1_254' title='bbox 1130 3221 1288 3302; x_wconf 69' lang='grc'>116616666-</span> 
     </span>
     <span class='ocr_line' id='line_1_29' title="bbox 143 3325 1287 3411; baseline -0.008 -17"><span class='ocrx_word' id='word_1_255' title='bbox 143 3330 271 3394; x_wconf 82' lang='lat' dir='ltr'><strong>desne?’</strong></span> <span class='ocrx_word' id='word_1_256' title='bbox 318 3326 397 3391; x_wconf 81' lang='lat' dir='ltr'><strong>Oum</strong></span> <span class='ocrx_word' id='word_1_257' title='bbox 420 3328 452 3390; x_wconf 91' lang='lat' dir='ltr'><strong>id</strong></span> <span class='ocrx_word' id='word_1_258' title='bbox 475 3328 596 3390; x_wconf 82' lang='lat' dir='ltr'><strong>factum</strong></span> <span class='ocrx_word' id='word_1_259' title='bbox 619 3331 676 3405; x_wconf 90' lang='lat' dir='ltr'><strong>est,</strong></span> <span class='ocrx_word' id='word_1_260' title='bbox 701 3330 808 3390; x_wconf 92' lang='lat' dir='ltr'><strong>tamen</strong></span> <span class='ocrx_word' id='word_1_261' title='bbox 831 3348 910 3411; x_wconf 85' lang='lat' dir='ltr'><strong>grex</strong></span> <span class='ocrx_word' id='word_1_262' title='bbox 933 3327 1097 3391; x_wconf 91' lang='lat' dir='ltr'><strong>dominum</strong></span> <span class='ocrx_word' id='word_1_263' title='bbox 1122 3349 1186 3391; x_wconf 93' lang='lat' dir='ltr'><strong>non</strong></span> <span class='ocrx_word' id='word_1_264' title='bbox 1208 3325 1287 3389; x_wconf 85' lang='lat' dir='ltr'><strong>mutu·</strong></span> 
     </span>
     <span class='ocr_line' id='line_1_30' title="bbox 143 3433 1285 3515; baseline -0.004 -18"><span class='ocrx_word' id='word_1_265' title='bbox 143 3435 204 3513; x_wconf 87' lang='lat' dir='ltr'><strong>vit,</strong></span> <span class='ocrx_word' id='word_1_266' title='bbox 235 3433 297 3497; x_wconf 90' lang='lat' dir='ltr'><strong>nisi</strong></span> <span class='ocrx_word' id='word_1_267' title='bbox 320 3434 347 3497; x_wconf 88' lang='lat' dir='ltr'><strong>si</strong></span> <span class='ocrx_word' id='word_1_268' title='bbox 369 3437 417 3497; x_wconf 92' lang='lat' dir='ltr'><strong>est</strong></span> <span class='ocrx_word' id='word_1_269' title='bbox 440 3433 700 3509; x_wconf 68' lang='lat' dir='ltr'><strong>adnumeratum</strong></span> <span class='ocrx_word' id='word_1_270' title='bbox 730 3454 874 3495; x_wconf 88' lang='lat' dir='ltr'><strong>necnon</strong></span> <span class='ocrx_word' id='word_1_271' title='bbox 898 3435 1022 3515; x_wconf 89' lang='lat' dir='ltr'><strong>emptor</strong></span> <span class='ocrx_word' id='word_1_272' title='bbox 1052 3436 1128 3515; x_wconf 89' lang='lat' dir='ltr'><strong>pote</strong></span> <span class='ocrx_word' id='word_1_273' title='bbox 1150 3433 1285 3508; x_wconf 76' lang='lat' dir='ltr'><strong>exempto</strong></span> 
     </span>
     <span class='ocr_line' id='line_1_31' title="bbox 142 3527 1283 3621; baseline -0.011 -18"><span class='ocrx_word' id='word_1_274' title='bbox 142 3540 270 3603; x_wconf 86' lang='lat' dir='ltr'><strong>vendito</strong></span> <span class='ocrx_word' id='word_1_275' title='bbox 302 3537 393 3601; x_wconf 92' lang='lat' dir='ltr'><strong>illum</strong></span> <span class='ocrx_word' id='word_1_276' title='bbox 416 3538 582 3614; x_wconf 88' lang='lat' dir='ltr'><strong>damnare,</strong></span> <span class='ocrx_word' id='word_1_277' title='bbox 615 3537 728 3600; x_wconf 90' lang='lat' dir='ltr'><strong>sinon</strong></span> <span class='ocrx_word' id='word_1_278' title='bbox 752 3538 873 3615; x_wconf 86' lang='lat' dir='ltr'><strong>tradet,</strong></span> <span class='ocrx_word' id='word_1_279' title='bbox 904 3536 1065 3621; x_wconf 81' lang='lat' dir='ltr'><strong>quamvis⁸</strong></span> <span class='ocrx_word' id='word_1_280' title='bbox 1097 3559 1161 3601; x_wconf 93' lang='lat' dir='ltr'><strong>non</strong></span> <span class='ocrx_word' id='word_1_281' title='bbox 1182 3527 1283 3600; x_wconf 78' lang='lat' dir='ltr'><strong>solverit</strong></span> 
     </span>
     <span class='ocr_line' id='line_1_32' title="bbox 143 3636 1283 3724; baseline -0.011 -16"><span class='ocrx_word' id='word_1_282' title='bbox 143 3665 307 3719; x_wconf 80' lang='lat' dir='ltr'><strong>nummos3</strong></span> <span class='ocrx_word' id='word_1_283' title='bbox 331 3647 368 3705; x_wconf 90' lang='lat' dir='ltr'><strong>ut</strong></span> <span class='ocrx_word' id='word_1_284' title='bbox 389 3643 444 3707; x_wconf 90' lang='lat' dir='ltr'><strong>ille</strong></span> <span class='ocrx_word' id='word_1_285' title='bbox 467 3646 643 3724; x_wconf 92' lang='lat' dir='ltr'><strong>emptorem</strong></span> <span class='ocrx_word' id='word_1_286' title='bbox 662 3642 760 3705; x_wconf 88' lang='lat' dir='ltr'><strong>simili</strong></span> <span class='ocrx_word' id='word_1_287' title='bbox 775 3641 901 3720; x_wconf 88' lang='lat' dir='ltr'><strong>iudioi0,</strong></span> <span class='ocrx_word' id='word_1_288' title='bbox 926 3642 953 3705; x_wconf 91' lang='lat' dir='ltr'><strong>si</strong></span> <span class='ocrx_word' id='word_1_289' title='bbox 969 3664 1033 3706; x_wconf 92' lang='lat' dir='ltr'><strong>non</strong></span> <span class='ocrx_word' id='word_1_290' title='bbox 1050 3642 1153 3706; x_wconf 89' lang='lat' dir='ltr'><strong>reddit</strong></span> <span class='ocrx_word' id='word_1_291' title='bbox 1167 3636 1283 3724; x_wconf 80' lang='lat' dir='ltr'><strong>pretium.</strong></span> 
     </span>
    </p>

    <p class='ocr_par' dir='ltr' id='par_1_7' title="bbox 229 3733 1283 3830">
     <span class='ocr_line' id='line_1_33' title="bbox 229 3733 1283 3830; baseline -0.009 -18"><span class='ocrx_word' id='word_1_292' title='bbox 229 3752 259 3827; x_wconf 83' lang='lat'><strong>5,</strong></span> <span class='ocrx_word' id='word_1_293' title='bbox 286 3748 336 3811; x_wconf 84' lang='lat'><strong>11.</strong></span> <span class='ocrx_word' id='word_1_294' title='bbox 384 3747 515 3830; x_wconf 82' lang='lat' dir='ltr'><strong>(Boves)</strong></span> <span class='ocrx_word' id='word_1_295' title='bbox 540 3768 611 3809; x_wconf 90' lang='lat' dir='ltr'><strong>cum</strong></span> <span class='ocrx_word' id='word_1_296' title='bbox 635 3747 768 3809; x_wconf 92' lang='lat' dir='ltr'><strong>emimus</strong></span> <span class='ocrx_word' id='word_1_297' title='bbox 791 3746 937 3826; x_wconf 91' lang='lat' dir='ltr'><strong>domitos,</strong></span> <span class='ocrx_word' id='word_1_298' title='bbox 961 3745 1155 3828; x_wconf 88' lang='lat' dir='ltr'><strong>stipulamur</strong></span> <span class='ocrx_word' id='word_1_299' title='bbox 1176 3733 1283 3807; x_wconf 75' lang='grc'>616611·</span> 
     </span>
    </p>
   </div>
   <div class='ocr_carea' id='block_1_4' title="bbox 139 3959 1283 4486">
    <p class='ocr_par' dir='ltr' id='par_1_8' title="bbox 140 3959 1282 4042">
     <span class='ocr_line' id='line_1_34' title="bbox 140 3959 1282 4042; baseline -0.011 -9"><span class='ocrx_word' id='word_1_300' title='bbox 140 3981 225 4033; x_wconf 83' lang='lat' dir='ltr'><strong>looum</strong></span> <span class='ocrx_word' id='word_1_301' title='bbox 246 3977 312 4030; x_wconf 76' lang='lat' dir='ltr'><strong>uitat</strong></span> <span class='ocrx_word' id='word_1_302' title='bbox 324 3974 439 4028; x_wconf 80' lang='lat' dir='ltr'><strong>Nouius.</strong></span> <span class='ocrx_word' id='word_1_303' title='bbox 459 4004 491 4011; x_wconf 93' lang='lat'>—</span> <span class='ocrx_word' id='word_1_304' title='bbox 511 3974 538 4038; x_wconf 89' lang='lat'><strong>9)</strong></span> <span class='ocrx_word' id='word_1_305' title='bbox 557 3973 628 4026; x_wconf 79' lang='lat' dir='ltr'><strong>Plio.</strong></span> <span class='ocrx_word' id='word_1_306' title='bbox 648 3972 708 4026; x_wconf 78' lang='lat' dir='ltr'><strong>bu.</strong></span> <span class='ocrx_word' id='word_1_307' title='bbox 728 3975 830 4039; x_wconf 79' lang='lat'><em>18‚2‚7:</em></span> <span class='ocrx_word' id='word_1_308' title='bbox 849 3971 920 4024; x_wconf 85' lang='lat' dir='ltr'><strong>Bina</strong></span> <span class='ocrx_word' id='word_1_309' title='bbox 938 3974 1007 4026; x_wconf 90' lang='lat' dir='ltr'><strong>tuno</strong></span> <span class='ocrx_word' id='word_1_310' title='bbox 1023 3971 1123 4042; x_wconf 84' lang='lat' dir='ltr'><strong>iugera</strong></span> <span class='ocrx_word' id='word_1_311' title='bbox 1139 3968 1231 4041; x_wconf 89' lang='lat' dir='ltr'><strong>populo</strong></span> <span class='ocrx_word' id='word_1_312' title='bbox 1244 3959 1282 4014; x_wconf 68' lang='lat' dir='ltr'><strong>Ro·</strong></span> 
     </span>
    </p>

    <p class='ocr_par' dir='ltr' id='par_1_9' title="bbox 139 4048 1283 4129">
     <span class='ocr_line' id='line_1_35' title="bbox 139 4048 1283 4129; baseline -0.006 -9"><span class='ocrx_word' id='word_1_313' title='bbox 139 4082 224 4119; x_wconf 90' lang='lat' dir='ltr'><strong>mano</strong></span> <span class='ocrx_word' id='word_1_314' title='bbox 242 4063 310 4116; x_wconf 88' lang='lat' dir='ltr'><strong>satis</strong></span> <span class='ocrx_word' id='word_1_315' title='bbox 321 4063 410 4124; x_wconf 81' lang='lat' dir='ltr'><strong>erant,</strong></span> <span class='ocrx_word' id='word_1_316' title='bbox 430 4061 555 4128; x_wconf 89' lang='lat' dir='ltr'><strong>nullique</strong></span> <span class='ocrx_word' id='word_1_317' title='bbox 564 4060 698 4114; x_wconf 91' lang='lat' dir='ltr'><strong>maiorem</strong></span> <span class='ocrx_word' id='word_1_318' title='bbox 709 4059 822 4115; x_wconf 90' lang='lat' dir='ltr'><strong>modum</strong></span> <span class='ocrx_word' id='word_1_319' title='bbox 834 4059 974 4112; x_wconf 86' lang='lat' dir='ltr'><strong>adtribuit</strong></span> <span class='ocrx_word' id='word_1_320' title='bbox 988 4060 1156 4129; x_wconf 85' lang='lat' dir='ltr'><strong>(Romulus).</strong></span> <span class='ocrx_word' id='word_1_321' title='bbox 1166 4089 1197 4097; x_wconf 93' lang='lat'>—</span> <span class='ocrx_word' id='word_1_322' title='bbox 1206 4072 1223 4109; x_wconf 90' lang='grc'><strong>6.</strong></span> <span class='ocrx_word' id='word_1_323' title='bbox 1231 4048 1283 4113; x_wconf 59' lang='grc'>3133</span> 
     </span>
    </p>

    <p class='ocr_par' dir='ltr' id='par_1_10' title="bbox 139 4141 1283 4216">
     <span class='ocr_line' id='line_1_36' title="bbox 139 4141 1283 4216; baseline -0.005 -11"><span class='ocrx_word' id='word_1_324' title='bbox 139 4151 185 4205; x_wconf 84' lang='grc' dir='ltr'><strong>Μ’.</strong></span> <span class='ocrx_word' id='word_1_325' title='bbox 206 4150 281 4204; x_wconf 83' lang='lat' dir='ltr'><strong>Curii</strong></span> <span class='ocrx_word' id='word_1_326' title='bbox 301 4151 369 4203; x_wconf 90' lang='lat' dir='ltr'><strong>nota</strong></span> <span class='ocrx_word' id='word_1_327' title='bbox 388 4147 474 4202; x_wconf 83' lang='lat' dir='ltr'><strong>dictio</strong></span> <span class='ocrx_word' id='word_1_328' title='bbox 494 4151 535 4202; x_wconf 83' lang='lat' dir='ltr'><strong>est</strong></span> <span class='ocrx_word' id='word_1_329' title='bbox 554 4147 739 4216; x_wconf 82' lang='lat' dir='ltr'><strong>perniciosum</strong></span> <span class='ocrx_word' id='word_1_330' title='bbox 759 4147 888 4216; x_wconf 87' lang='lat' dir='ltr'><strong>intellegi</strong></span> <span class='ocrx_word' id='word_1_331' title='bbox 909 4146 1005 4210; x_wconf 84' lang='lat' dir='ltr'><strong>civem,</strong></span> <span class='ocrx_word' id='word_1_332' title='bbox 1029 4148 1074 4200; x_wconf 88' lang='lat' dir='ltr'><strong>eui</strong></span> <span class='ocrx_word' id='word_1_333' title='bbox 1094 4150 1196 4216; x_wconf 82' lang='lat' dir='ltr'><strong>septem</strong></span> <span class='ocrx_word' id='word_1_334' title='bbox 1211 4141 1283 4206; x_wconf 60' lang='lat' dir='ltr'><strong>iugem</strong></span> 
     </span>
    </p>

    <p class='ocr_par' dir='ltr' id='par_1_11' title="bbox 140 4219 1282 4304">
     <span class='ocr_line' id='line_1_37' title="bbox 140 4219 1282 4304; baseline -0.005 -11"><span class='ocrx_word' id='word_1_335' title='bbox 140 4259 196 4295; x_wconf 89' lang='lat' dir='ltr'><strong>non</strong></span> <span class='ocrx_word' id='word_1_336' title='bbox 223 4242 314 4292; x_wconf 86' lang='lat' dir='ltr'><strong>essent</strong></span> <span class='ocrx_word' id='word_1_337' title='bbox 343 4237 420 4290; x_wconf 88' lang='lat' dir='ltr'><strong>satis.</strong></span> <span class='ocrx_word' id='word_1_338' title='bbox 457 4237 532 4290; x_wconf 86' lang='lat' dir='ltr'><strong>Haeo</strong></span> <span class='ocrx_word' id='word_1_339' title='bbox 557 4238 652 4290; x_wconf 89' lang='lat' dir='ltr'><strong>autem</strong></span> <span class='ocrx_word' id='word_1_340' title='bbox 682 4253 812 4289; x_wconf 89' lang='lat' dir='ltr'><strong>mensura</strong></span> <span class='ocrx_word' id='word_1_341' title='bbox 841 4233 932 4304; x_wconf 90' lang='lat' dir='ltr'><strong>plebei</strong></span> <span class='ocrx_word' id='word_1_342' title='bbox 956 4237 1021 4303; x_wconf 90' lang='lat' dir='ltr'><strong>post</strong></span> <span class='ocrx_word' id='word_1_343' title='bbox 1039 4237 1150 4289; x_wconf 83' lang='lat' dir='ltr'><strong>exactos</strong></span> <span class='ocrx_word' id='word_1_344' title='bbox 1167 4245 1234 4300; x_wconf 65' lang='lat' dir='ltr'><strong>reges</strong></span> <span class='ocrx_word' id='word_1_345' title='bbox 1248 4219 1282 4277; x_wconf 61' lang='grc'><strong>81·</strong></span> 
     </span>
    </p>

    <p class='ocr_par' dir='ltr' id='par_1_12' title="bbox 140 4310 1283 4486">
     <span class='ocr_line' id='line_1_38' title="bbox 140 4310 1283 4396; baseline -0.005 -16"><span class='ocrx_word' id='word_1_346' title='bbox 140 4327 255 4396; x_wconf 85' lang='lat' dir='ltr'><strong>signata</strong></span> <span class='ocrx_word' id='word_1_347' title='bbox 267 4328 316 4379; x_wconf 92' lang='lat' dir='ltr'><strong>est.</strong></span> <span class='ocrx_word' id='word_1_348' title='bbox 347 4324 391 4378; x_wconf 88' lang='lat' dir='ltr'><strong>De</strong></span> <span class='ocrx_word' id='word_1_349' title='bbox 401 4325 504 4377; x_wconf 79' lang='lat' dir='ltr'><strong>duodus</strong></span> <span class='ocrx_word' id='word_1_350' title='bbox 516 4324 615 4393; x_wconf 71' lang='lat' dir='ltr'><strong>torperis</strong></span> <span class='ocrx_word' id='word_1_351' title='bbox 627 4324 661 4391; x_wconf 86' lang='lat' dir='ltr'><strong>of.</strong></span> <span class='ocrx_word' id='word_1_352' title='bbox 672 4323 729 4377; x_wconf 85' lang='lat' dir='ltr'><strong>Mo.</strong></span> <span class='ocrx_word' id='word_1_353' title='bbox 743 4322 819 4377; x_wconf 75' lang='lat' dir='ltr'><strong>ltG.</strong></span> <span class='ocrx_word' id='word_1_354' title='bbox 831 4325 906 4390; x_wconf 83' lang='lat'><strong><em>1‚183</em></strong></span> <span class='ocrx_word' id='word_1_355' title='bbox 918 4339 943 4376; x_wconf 80' lang='lat' dir='ltr'><strong>a.</strong></span> <span class='ocrx_word' id='word_1_356' title='bbox 955 4325 979 4376; x_wconf 88' lang='lat'><strong>3.</strong></span> <span class='ocrx_word' id='word_1_357' title='bbox 1006 4322 1092 4391; x_wconf 71' lang='lat' dir='ltr'><strong>Vor&#39;pt,</strong></span> <span class='ocrx_word' id='word_1_358' title='bbox 1107 4323 1158 4376; x_wconf 85' lang='lat' dir='ltr'><strong>Rb.</strong></span> <span class='ocrx_word' id='word_1_359' title='bbox 1168 4320 1213 4374; x_wconf 86' lang='lat' dir='ltr'><strong>Pb.</strong></span> <span class='ocrx_word' id='word_1_360' title='bbox 1221 4310 1283 4374; x_wconf 67' lang='lat'><strong><em>24253·</em></strong></span> 
     </span>
     <span class='ocr_line' id='line_1_39' title="bbox 214 4410 1139 4486; baseline -0.005 -17"><span class='ocrx_word' id='word_1_361' title='bbox 214 4417 238 4486; x_wconf 87' lang='lat'><strong>1)</strong></span> <span class='ocrx_word' id='word_1_362' title='bbox 257 4414 370 4484; x_wconf 89' lang='lat' dir='ltr'><strong>siquae</strong></span> <span class='ocrx_word' id='word_1_363' title='bbox 389 4415 458 4468; x_wconf 69' lang='lat' dir='ltr'><strong>libri.</strong></span> <span class='ocrx_word' id='word_1_364' title='bbox 478 4443 512 4453; x_wconf 88' lang='lat'><em>-</em></span> <span class='ocrx_word' id='word_1_365' title='bbox 530 4412 558 4482; x_wconf 79' lang='lat'><strong>2)</strong></span> <span class='ocrx_word' id='word_1_366' title='bbox 577 4412 697 4482; x_wconf 86' lang='lat' dir='ltr'><strong>illasque</strong></span> <span class='ocrx_word' id='word_1_367' title='bbox 716 4413 785 4466; x_wconf 67' lang='lat' dir='ltr'><strong>liba.</strong></span> <span class='ocrx_word' id='word_1_368' title='bbox 806 4443 838 4453; x_wconf 91' lang='lat'>-</span> <span class='ocrx_word' id='word_1_369' title='bbox 856 4411 885 4482; x_wconf 80' lang='lat'><strong>3)</strong></span> <span class='ocrx_word' id='word_1_370' title='bbox 904 4410 1051 4481; x_wconf 88' lang='lat' dir='ltr'><strong>quamouis</strong></span> <span class='ocrx_word' id='word_1_371' title='bbox 1069 4411 1139 4465; x_wconf 81' lang='lat' dir='ltr'><strong>lrlm&#39;.</strong></span> 
     </span>
    </p>
   </div>
   <div class='ocr_carea' id='block_1_5' title="bbox 0 0 1474 4996">
    <p class='ocr_par' dir='ltr' id='par_1_13' title="bbox 0 0 1474 4996">
     <span class='ocr_line' id='line_1_40' title="bbox 0 0 1474 4996; baseline 0 0"><span class='ocrx_word' id='word_1_372' title='bbox 0 0 1474 4996; x_wconf 95' lang='lat' dir='ltr'><strong> </strong></span> 
     </span>
    </p>
   </div>
  </div>
 </body>
</html>
