<?xml version="1.0" encoding="UTF-8"?>
<!DOCTYPE html PUBLIC "-//W3C//DTD XHTML 1.0 Transitional//EN"
    "http://www.w3.org/TR/xhtml1/DTD/xhtml1-transitional.dtd">
<html xmlns="http://www.w3.org/1999/xhtml" xml:lang="en" lang="en">
 <head>
  <title>
</title>
<meta http-equiv="Content-Type" content="text/html;charset=utf-8" />
  <meta name='ocr-system' content='tesseract 3.04.00' />
  <meta name='ocr-capabilities' content='ocr_page ocr_carea ocr_par ocr_line ocrx_word'/>
</head>
<body>
  <div class='ocr_page' id='page_1' title='image "./fontesiurisroma00brungoog_0389.png"; bbox 0 0 2940 4996; ppageno 0'>
   <div class='ocr_carea' id='block_1_1' title="bbox 674 309 1315 381">
    <p class='ocr_par' dir='ltr' id='par_1_1' title="bbox 674 309 1315 381">
     <span class='ocr_line' id='line_1_1' title="bbox 674 309 1315 381; baseline 0.002 -17"><span class='ocrx_word' id='word_1_1' title='bbox 674 309 781 366; x_wconf 72' lang='lat' dir='ltr'><strong>rata.</strong></span> <span class='ocrx_word' id='word_1_2' title='bbox 1252 315 1315 381; x_wconf 82' lang='grc'><strong>367</strong></span> 
     </span>
    </p>
   </div>
   <div class='ocr_carea' id='block_1_2' title="bbox 129 480 1318 3927">
    <p class='ocr_par' dir='ltr' id='par_1_2' title="bbox 132 480 781 569">
     <span class='ocr_line' id='line_1_2' title="bbox 132 480 781 569; baseline 0.006 -23"><span class='ocrx_word' id='word_1_3' title='bbox 132 480 287 549; x_wconf 78' lang='lat' dir='ltr'><strong>Sentio</strong></span> <span class='ocrx_word' id='word_1_4' title='bbox 308 487 487 569; x_wconf 87' lang='lat' dir='ltr'><strong>persecutio</strong></span> <span class='ocrx_word' id='word_1_5' title='bbox 509 486 598 550; x_wconf 89' lang='lat' dir='ltr'><strong>iuris.</strong></span> <span class='ocrx_word' id='word_1_6' title='bbox 644 487 682 551; x_wconf 92' lang='lat' dir='ltr'><strong>P.</strong></span> <span class='ocrx_word' id='word_1_7' title='bbox 706 491 781 552; x_wconf 84' lang='lat'><strong><em>337.</em></strong></span> 
     </span>
    </p>

    <p class='ocr_par' dir='ltr' id='par_1_3' title="bbox 129 587 1315 761">
     <span class='ocr_line' id='line_1_3' title="bbox 130 587 1315 678; baseline 0.003 -24"><span class='ocrx_word' id='word_1_8' title='bbox 130 587 338 655; x_wconf 85' lang='lat' dir='ltr'><strong>Sectores</strong></span> <span class='ocrx_word' id='word_1_9' title='bbox 361 594 393 654; x_wconf 94' lang='lat' dir='ltr'><strong>et</strong></span> <span class='ocrx_word' id='word_1_10' title='bbox 417 590 473 675; x_wconf 93' lang='lat' dir='ltr'><strong>qui</strong></span> <span class='ocrx_word' id='word_1_11' title='bbox 488 594 596 656; x_wconf 88' lang='lat' dir='ltr'><strong>secant</strong></span> <span class='ocrx_word' id='word_1_12' title='bbox 612 591 770 672; x_wconf 88' lang='lat' dir='ltr'><strong>dicuntur,</strong></span> <span class='ocrx_word' id='word_1_13' title='bbox 794 593 897 675; x_wconf 92' lang='lat' dir='ltr'><strong>etqui</strong></span> <span class='ocrx_word' id='word_1_14' title='bbox 917 597 1024 676; x_wconf 89' lang='lat' dir='ltr'><strong>empta</strong></span> <span class='ocrx_word' id='word_1_15' title='bbox 1046 615 1103 658; x_wconf 88' lang='lat' dir='ltr'><strong>sua</strong></span> <span class='ocrx_word' id='word_1_16' title='bbox 1119 616 1315 678; x_wconf 89' lang='lat' dir='ltr'><strong>persequun-</strong></span> 
     </span>
     <span class='ocr_line' id='line_1_4' title="bbox 129 694 400 761; baseline 0.004 -3"><span class='ocrx_word' id='word_1_17' title='bbox 129 694 217 759; x_wconf 85' lang='lat' dir='ltr'><strong>tur¹.</strong></span> <span class='ocrx_word' id='word_1_18' title='bbox 265 697 303 760; x_wconf 84' lang='lat' dir='ltr'><strong>P.</strong></span> <span class='ocrx_word' id='word_1_19' title='bbox 325 701 400 761; x_wconf 78' lang='lat'><strong><em>337.</em></strong></span> 
     </span>
    </p>

    <p class='ocr_par' dir='ltr' id='par_1_4' title="bbox 129 798 1317 1390">
     <span class='ocr_line' id='line_1_5' title="bbox 129 798 1312 885; baseline 0.003 -21"><span class='ocrx_word' id='word_1_20' title='bbox 129 798 354 865; x_wconf 85' lang='lat' dir='ltr'><strong>Senacula</strong></span> <span class='ocrx_word' id='word_1_21' title='bbox 377 800 440 865; x_wconf 89' lang='lat' dir='ltr'><strong>tria</strong></span> <span class='ocrx_word' id='word_1_22' title='bbox 463 800 562 865; x_wconf 85' lang='lat' dir='ltr'><strong>fuisse</strong></span> <span class='ocrx_word' id='word_1_23' title='bbox 584 799 715 880; x_wconf 85' lang='lat' dir='ltr'><strong>Romae,</strong></span> <span class='ocrx_word' id='word_1_24' title='bbox 738 800 772 864; x_wconf 93' lang='lat' dir='ltr'><strong>in</strong></span> <span class='ocrx_word' id='word_1_25' title='bbox 797 801 913 885; x_wconf 93' lang='lat' dir='ltr'><strong>quibus</strong></span> <span class='ocrx_word' id='word_1_26' title='bbox 929 806 1058 866; x_wconf 87' lang='lat' dir='ltr'><strong>senatus</strong></span> <span class='ocrx_word' id='word_1_27' title='bbox 1073 801 1186 867; x_wconf 88' lang='lat' dir='ltr'><strong>haberi</strong></span> <span class='ocrx_word' id='word_1_28' title='bbox 1200 804 1312 869; x_wconf 86' lang='lat' dir='ltr'><strong>solitus</strong></span> 
     </span>
     <span class='ocr_line' id='line_1_6' title="bbox 130 905 1315 991; baseline 0.004 -22"><span class='ocrx_word' id='word_1_29' title='bbox 130 906 176 970; x_wconf 88' lang='lat' dir='ltr'><strong>sit</strong></span> <span class='ocrx_word' id='word_1_30' title='bbox 202 943 266 987; x_wconf 88' lang='lat'><strong>—‚</strong></span> <span class='ocrx_word' id='word_1_31' title='bbox 298 930 397 971; x_wconf 94' lang='lat' dir='ltr'><strong>unum</strong></span> <span class='ocrx_word' id='word_1_32' title='bbox 421 908 477 971; x_wconf 92' lang='lat' dir='ltr'><strong>ubi</strong></span> <span class='ocrx_word' id='word_1_33' title='bbox 500 928 585 970; x_wconf 90' lang='lat' dir='ltr'><strong>nunc</strong></span> <span class='ocrx_word' id='word_1_34' title='bbox 608 911 656 971; x_wconf 88' lang='lat' dir='ltr'><strong>est</strong></span> <span class='ocrx_word' id='word_1_35' title='bbox 680 906 765 970; x_wconf 82' lang='lat' dir='ltr'><strong>aedis</strong></span> <span class='ocrx_word' id='word_1_36' title='bbox 788 905 981 971; x_wconf 73' lang='lat' dir='ltr'>Concordiae</span> <span class='ocrx_word' id='word_1_37' title='bbox 1003 944 1060 987; x_wconf 89' lang='lat'><strong>—,</strong></span> <span class='ocrx_word' id='word_1_38' title='bbox 1092 908 1125 970; x_wconf 93' lang='lat' dir='ltr'><strong>in</strong></span> <span class='ocrx_word' id='word_1_39' title='bbox 1151 931 1214 991; x_wconf 91' lang='lat' dir='ltr'><strong>quo</strong></span> <span class='ocrx_word' id='word_1_40' title='bbox 1236 910 1315 974; x_wconf 88' lang='lat' dir='ltr'><strong>sole-</strong></span> 
     </span>
     <span class='ocr_line' id='line_1_7' title="bbox 129 1011 1316 1096; baseline 0.003 -21"><span class='ocrx_word' id='word_1_41' title='bbox 129 1011 216 1076; x_wconf 87' lang='lat' dir='ltr'><strong>bant</strong></span> <span class='ocrx_word' id='word_1_42' title='bbox 238 1012 447 1096; x_wconf 73' lang='lat' dir='ltr'><strong>magistratus</strong></span> <span class='ocrx_word' id='word_1_43' title='bbox 470 1013 637 1076; x_wconf 85' lang='lat' dir='ltr'><strong>dumtaxat</strong></span> <span class='ocrx_word' id='word_1_44' title='bbox 660 1033 732 1076; x_wconf 90' lang='lat' dir='ltr'><strong>cum</strong></span> <span class='ocrx_word' id='word_1_45' title='bbox 754 1012 931 1077; x_wconf 89' lang='lat' dir='ltr'><strong>senioribus</strong></span> <span class='ocrx_word' id='word_1_46' title='bbox 953 1012 1145 1089; x_wconf 87' lang='lat' dir='ltr'><strong>deliberare;</strong></span> <span class='ocrx_word' id='word_1_47' title='bbox 1179 1014 1316 1078; x_wconf 89' lang='lat' dir='ltr'><strong>alterum</strong></span> 
     </span>
     <span class='ocr_line' id='line_1_8' title="bbox 131 1116 1317 1202; baseline 0.003 -22"><span class='ocrx_word' id='word_1_48' title='bbox 131 1117 174 1180; x_wconf 87' lang='lat' dir='ltr'><strong>ad</strong></span> <span class='ocrx_word' id='word_1_49' title='bbox 200 1121 328 1201; x_wconf 88' lang='lat' dir='ltr'><strong>portam</strong></span> <span class='ocrx_word' id='word_1_50' title='bbox 352 1116 527 1201; x_wconf 79' lang='lat' dir='ltr'><strong>Capenam3</strong></span> <span class='ocrx_word' id='word_1_51' title='bbox 551 1117 683 1181; x_wconf 89' lang='lat' dir='ltr'><strong>tertium</strong></span> <span class='ocrx_word' id='word_1_52' title='bbox 706 1116 786 1180; x_wconf 87' lang='lat' dir='ltr'><strong>citra</strong></span> <span class='ocrx_word' id='word_1_53' title='bbox 810 1117 918 1181; x_wconf 88' lang='lat' dir='ltr'><strong>aedem</strong></span> <span class='ocrx_word' id='word_1_54' title='bbox 934 1116 1095 1197; x_wconf 84' lang='lat' dir='ltr'><strong>Bellonae,</strong></span> <span class='ocrx_word' id='word_1_55' title='bbox 1118 1118 1152 1181; x_wconf 95' lang='lat' dir='ltr'><strong>in</strong></span> <span class='ocrx_word' id='word_1_56' title='bbox 1176 1141 1239 1202; x_wconf 93' lang='lat' dir='ltr'><strong>quo</strong></span> <span class='ocrx_word' id='word_1_57' title='bbox 1262 1142 1317 1183; x_wconf 88' lang='lat' dir='ltr'><strong>ex-</strong></span> 
     </span>
     <span class='ocr_line' id='line_1_9' title="bbox 130 1222 1315 1307; baseline 0.002 -22"><span class='ocrx_word' id='word_1_58' title='bbox 130 1225 280 1285; x_wconf 87' lang='lat' dir='ltr'><strong>terarum</strong></span> <span class='ocrx_word' id='word_1_59' title='bbox 301 1223 469 1287; x_wconf 92' lang='lat' dir='ltr'><strong>nationum</strong></span> <span class='ocrx_word' id='word_1_60' title='bbox 491 1222 628 1307; x_wconf 85' lang='lat' dir='ltr'><strong>legatis,</strong></span> <span class='ocrx_word' id='word_1_61' title='bbox 662 1243 741 1305; x_wconf 93' lang='lat' dir='ltr'><strong>quos</strong></span> <span class='ocrx_word' id='word_1_62' title='bbox 764 1222 798 1285; x_wconf 93' lang='lat' dir='ltr'><strong>in</strong></span> <span class='ocrx_word' id='word_1_63' title='bbox 824 1222 935 1286; x_wconf 88' lang='lat' dir='ltr'><strong>urbem</strong></span> <span class='ocrx_word' id='word_1_64' title='bbox 959 1222 1126 1287; x_wconf 90' lang='lat' dir='ltr'><strong>admittere</strong></span> <span class='ocrx_word' id='word_1_65' title='bbox 1153 1224 1315 1303; x_wconf 80' lang='lat' dir='ltr'><strong>nolebant,</strong></span> 
     </span>
     <span class='ocr_line' id='line_1_10' title="bbox 133 1325 621 1390; baseline 0 0"><span class='ocrx_word' id='word_1_66' title='bbox 133 1329 269 1390; x_wconf 87' lang='lat' dir='ltr'><strong>senatus</strong></span> <span class='ocrx_word' id='word_1_67' title='bbox 292 1326 436 1390; x_wconf 88' lang='lat' dir='ltr'><strong>dabatur.</strong></span> <span class='ocrx_word' id='word_1_68' title='bbox 483 1325 523 1389; x_wconf 80' lang='lat' dir='ltr'><strong>F.</strong></span> <span class='ocrx_word' id='word_1_69' title='bbox 546 1331 621 1390; x_wconf 80' lang='lat'><em>347.</em></span> 
     </span>
    </p>

    <p class='ocr_par' dir='ltr' id='par_1_5' title="bbox 134 1427 1318 2545">
     <span class='ocr_line' id='line_1_11' title="bbox 134 1427 1311 1506; baseline 0.001 -11"><span class='ocrx_word' id='word_1_70' title='bbox 134 1427 370 1495; x_wconf 76' lang='lat' dir='ltr'><strong>Senatores</strong></span> <span class='ocrx_word' id='word_1_71' title='bbox 393 1453 413 1494; x_wconf 85' lang='lat' dir='ltr'><strong>a</strong></span> <span class='ocrx_word' id='word_1_72' title='bbox 435 1434 596 1494; x_wconf 70' lang='lat' dir='ltr'><strong>senectute</strong></span> <span class='ocrx_word' id='word_1_73' title='bbox 618 1430 679 1494; x_wconf 90' lang='lat' dir='ltr'><strong>dici</strong></span> <span class='ocrx_word' id='word_1_74' title='bbox 703 1430 781 1494; x_wconf 88' lang='lat' dir='ltr'><strong>satis</strong></span> <span class='ocrx_word' id='word_1_75' title='bbox 804 1433 939 1494; x_wconf 88' lang='lat' dir='ltr'><strong>constat.</strong></span> <span class='ocrx_word' id='word_1_76' title='bbox 978 1430 1064 1506; x_wconf 74' lang='lat' dir='ltr'><strong>Quos</strong></span> <span class='ocrx_word' id='word_1_77' title='bbox 1079 1431 1173 1495; x_wconf 92' lang='lat' dir='ltr'><strong>initio</strong></span> <span class='ocrx_word' id='word_1_78' title='bbox 1189 1429 1311 1496; x_wconf 85' lang='lat' dir='ltr'><strong>Romu-</strong></span> 
     </span>
     <span class='ocr_line' id='line_1_12' title="bbox 136 1534 1314 1620; baseline 0.002 -21"><span class='ocrx_word' id='word_1_79' title='bbox 136 1535 189 1600; x_wconf 86' lang='lat' dir='ltr'><strong>lus</strong></span> <span class='ocrx_word' id='word_1_80' title='bbox 213 1534 312 1620; x_wconf 81' lang='lat' dir='ltr'><strong>elegit</strong></span> <span class='ocrx_word' id='word_1_81' title='bbox 334 1542 471 1616; x_wconf 88' lang='lat' dir='ltr'><strong>centum,</strong></span> <span class='ocrx_word' id='word_1_82' title='bbox 495 1558 630 1620; x_wconf 93' lang='lat' dir='ltr'><strong>quorum</strong></span> <span class='ocrx_word' id='word_1_83' title='bbox 646 1536 778 1600; x_wconf 91' lang='lat' dir='ltr'><strong>consilio</strong></span> <span class='ocrx_word' id='word_1_84' title='bbox 794 1535 1036 1619; x_wconf 88' lang='lat' dir='ltr'><strong>rempublicam</strong></span> <span class='ocrx_word' id='word_1_85' title='bbox 1059 1537 1314 1615; x_wconf 82' lang='lat' dir='ltr'><strong>administraret3</strong></span> 
     </span>
     <span class='ocr_line' id='line_1_13' title="bbox 135 1639 1315 1725; baseline 0.002 -21"><span class='ocrx_word' id='word_1_86' title='bbox 135 1640 250 1724; x_wconf 80' lang='lat' dir='ltr'><strong>itaque</strong></span> <span class='ocrx_word' id='word_1_87' title='bbox 273 1641 369 1706; x_wconf 86' lang='lat' dir='ltr'><strong>etiam</strong></span> <span class='ocrx_word' id='word_1_88' title='bbox 393 1639 539 1725; x_wconf 78' lang='lat' dir='ltr'><strong>‘patres&#39;²</strong></span> <span class='ocrx_word' id='word_1_89' title='bbox 563 1641 716 1725; x_wconf 89' lang='lat' dir='ltr'><strong>appellati</strong></span> <span class='ocrx_word' id='word_1_90' title='bbox 739 1645 823 1705; x_wconf 89' lang='lat' dir='ltr'><strong>sunt.</strong></span> <span class='ocrx_word' id='word_1_91' title='bbox 869 1641 914 1705; x_wconf 81' lang='lat' dir='ltr'><strong>Et</strong></span> <span class='ocrx_word' id='word_1_92' title='bbox 936 1663 1030 1721; x_wconf 93' lang='lat' dir='ltr'><strong>nunc,</strong></span> <span class='ocrx_word' id='word_1_93' title='bbox 1060 1663 1132 1705; x_wconf 94' lang='lat' dir='ltr'><strong>cum</strong></span> <span class='ocrx_word' id='word_1_94' title='bbox 1155 1646 1315 1706; x_wconf 86' lang='lat' dir='ltr'><strong>senatores</strong></span> 
     </span>
     <span class='ocr_line' id='line_1_14' title="bbox 138 1746 1317 1833; baseline 0 -23"><span class='ocrx_word' id='word_1_95' title='bbox 138 1746 251 1810; x_wconf 82' lang='lat' dir='ltr'><strong>adesse</strong></span> <span class='ocrx_word' id='word_1_96' title='bbox 272 1746 433 1827; x_wconf 88' lang='lat' dir='ltr'><strong>iubentur,</strong></span> <span class='ocrx_word' id='word_1_97' title='bbox 459 1746 659 1833; x_wconf 77' lang='lat' dir='ltr'><strong>[adicitur⁸:]</strong></span> <span class='ocrx_word' id='word_1_98' title='bbox 696 1747 887 1832; x_wconf 87' lang='lat' dir='ltr'><strong>‘quibusque</strong></span> <span class='ocrx_word' id='word_1_99' title='bbox 908 1746 942 1809; x_wconf 93' lang='lat' dir='ltr'><strong>in</strong></span> <span class='ocrx_word' id='word_1_100' title='bbox 966 1746 1094 1810; x_wconf 82' lang='lat' dir='ltr'><strong>senatu⁴</strong></span> <span class='ocrx_word' id='word_1_101' title='bbox 1125 1748 1317 1812; x_wconf 91' lang='lat' dir='ltr'><strong>sententiam</strong></span> 
     </span>
     <span class='ocr_line' id='line_1_15' title="bbox 134 1849 1314 1937; baseline 0.001 -23"><span class='ocrx_word' id='word_1_102' title='bbox 134 1850 242 1915; x_wconf 82' lang='lat' dir='ltr'><strong>dicere</strong></span> <span class='ocrx_word' id='word_1_103' title='bbox 263 1849 358 1931; x_wconf 86' lang='lat' dir='ltr'><strong>licet&#39;,</strong></span> <span class='ocrx_word' id='word_1_104' title='bbox 383 1852 458 1935; x_wconf 93' lang='lat' dir='ltr'><strong>quia</strong></span> <span class='ocrx_word' id='word_1_105' title='bbox 481 1852 525 1931; x_wconf 93' lang='lat' dir='ltr'><strong>hi,</strong></span> <span class='ocrx_word' id='word_1_106' title='bbox 550 1853 605 1936; x_wconf 92' lang='lat' dir='ltr'><strong>qui</strong></span> <span class='ocrx_word' id='word_1_107' title='bbox 628 1855 701 1937; x_wconf 93' lang='lat' dir='ltr'><strong>post</strong></span> <span class='ocrx_word' id='word_1_108' title='bbox 723 1852 861 1916; x_wconf 89' lang='lat' dir='ltr'><strong>lustrum</strong></span> <span class='ocrx_word' id='word_1_109' title='bbox 884 1852 1048 1916; x_wconf 92' lang='lat' dir='ltr'><strong>conditum</strong></span> <span class='ocrx_word' id='word_1_110' title='bbox 1070 1875 1108 1917; x_wconf 86' lang='lat' dir='ltr'><strong>ex</strong></span> <span class='ocrx_word' id='word_1_111' title='bbox 1136 1853 1314 1916; x_wconf 90' lang='lat' dir='ltr'><strong>iunioribus</strong></span> 
     </span>
     <span class='ocr_line' id='line_1_16' title="bbox 135 1955 1315 2042; baseline 0.001 -23"><span class='ocrx_word' id='word_1_112' title='bbox 135 1955 367 2040; x_wconf 82' lang='lat' dir='ltr'><strong>magistratum</strong></span> <span class='ocrx_word' id='word_1_113' title='bbox 390 1957 573 2042; x_wconf 79' lang='lat' dir='ltr'><strong>ceperunt⁶,</strong></span> <span class='ocrx_word' id='word_1_114' title='bbox 604 1958 693 2022; x_wconf 89' lang='lat' dir='ltr'><strong>etin</strong></span> <span class='ocrx_word' id='word_1_115' title='bbox 715 1961 828 2022; x_wconf 90' lang='lat' dir='ltr'><strong>senatu</strong></span> <span class='ocrx_word' id='word_1_116' title='bbox 850 1957 1041 2022; x_wconf 88' lang='lat' dir='ltr'><strong>sententiam</strong></span> <span class='ocrx_word' id='word_1_117' title='bbox 1064 1957 1174 2021; x_wconf 91' lang='lat' dir='ltr'><strong>dicunt</strong></span> <span class='ocrx_word' id='word_1_118' title='bbox 1196 1960 1228 2020; x_wconf 93' lang='lat' dir='ltr'><strong>et</strong></span> <span class='ocrx_word' id='word_1_119' title='bbox 1251 1979 1315 2021; x_wconf 93' lang='lat' dir='ltr'><strong>non</strong></span> 
     </span>
     <span class='ocr_line' id='line_1_17' title="bbox 136 2059 1316 2146; baseline 0.001 -21"><span class='ocrx_word' id='word_1_120' title='bbox 136 2064 295 2125; x_wconf 87' lang='lat' dir='ltr'><strong>vocantur</strong></span> <span class='ocrx_word' id='word_1_121' title='bbox 317 2065 477 2127; x_wconf 87' lang='lat' dir='ltr'><strong>senatores</strong></span> <span class='ocrx_word' id='word_1_122' title='bbox 497 2066 581 2142; x_wconf 88' lang='lat' dir='ltr'><strong>ante,</strong></span> <span class='ocrx_word' id='word_1_123' title='bbox 606 2085 702 2146; x_wconf 92' lang='lat' dir='ltr'><strong>quam</strong></span> <span class='ocrx_word' id='word_1_124' title='bbox 723 2062 759 2124; x_wconf 90' lang='lat' dir='ltr'><strong>in</strong></span> <span class='ocrx_word' id='word_1_125' title='bbox 774 2061 950 2125; x_wconf 92' lang='lat' dir='ltr'><strong>senioribus</strong></span> <span class='ocrx_word' id='word_1_126' title='bbox 966 2065 1041 2125; x_wconf 85' lang='lat' dir='ltr'><strong>sunt</strong></span> <span class='ocrx_word' id='word_1_127' title='bbox 1057 2061 1151 2125; x_wconf 89' lang='lat' dir='ltr'><strong>censi.</strong></span> <span class='ocrx_word' id='word_1_128' title='bbox 1184 2059 1223 2124; x_wconf 81' lang='lat' dir='ltr'><strong>F.</strong></span> <span class='ocrx_word' id='word_1_129' title='bbox 1241 2067 1316 2126; x_wconf 84' lang='lat'><em>339.</em></span> 
     </span>
     <span class='ocr_line' id='line_1_18' title="bbox 134 2164 1315 2250; baseline -0.001 -19"><span class='ocrx_word' id='word_1_130' title='bbox 134 2164 216 2231; x_wconf 85' lang='lat' dir='ltr'><strong>Seu</strong></span> <span class='ocrx_word' id='word_1_131' title='bbox 229 2169 327 2231; x_wconf 88' lang='lat' dir='ltr'><strong>atus</strong></span> <span class='ocrx_word' id='word_1_132' title='bbox 351 2167 570 2232; x_wconf 89' lang='lat' dir='ltr'><strong>decretum</strong></span> <span class='ocrx_word' id='word_1_133' title='bbox 594 2189 613 2231; x_wconf 87' lang='lat' dir='ltr'><strong>a</strong></span> <span class='ocrx_word' id='word_1_134' title='bbox 635 2166 781 2231; x_wconf 90' lang='lat' dir='ltr'><strong>consulto</strong></span> <span class='ocrx_word' id='word_1_135' title='bbox 805 2165 916 2230; x_wconf 87' lang='lat' dir='ltr'><strong>Aelius</strong></span> <span class='ocrx_word' id='word_1_136' title='bbox 933 2164 1044 2230; x_wconf 78' lang='lat' dir='ltr'><strong>Gallus</strong></span> <span class='ocrx_word' id='word_1_137' title='bbox 1066 2165 1111 2229; x_wconf 89' lang='lat' dir='ltr'><strong>sic</strong></span> <span class='ocrx_word' id='word_1_138' title='bbox 1134 2166 1315 2250; x_wconf 82' lang='lat' dir='ltr'><strong>distinguit,</strong></span> 
     </span>
     <span class='ocr_line' id='line_1_19' title="bbox 139 2270 1317 2357; baseline 0 -23"><span class='ocrx_word' id='word_1_139' title='bbox 139 2274 178 2334; x_wconf 91' lang='lat' dir='ltr'><strong>ut</strong></span> <span class='ocrx_word' id='word_1_140' title='bbox 199 2270 235 2335; x_wconf 94' lang='lat' dir='ltr'><strong>id</strong></span> <span class='ocrx_word' id='word_1_141' title='bbox 259 2271 343 2335; x_wconf 86' lang='lat' dir='ltr'><strong>dicat</strong></span> <span class='ocrx_word' id='word_1_142' title='bbox 365 2272 558 2355; x_wconf 82' lang='lat' dir='ltr'><strong>particulam</strong></span> <span class='ocrx_word' id='word_1_143' title='bbox 581 2273 741 2357; x_wconf 90' lang='lat' dir='ltr'><strong>quandam</strong></span> <span class='ocrx_word' id='word_1_144' title='bbox 765 2293 831 2336; x_wconf 90' lang='lat' dir='ltr'><strong>esse</strong></span> <span class='ocrx_word' id='word_1_145' title='bbox 853 2276 982 2336; x_wconf 89' lang='lat' dir='ltr'><strong>senatus</strong></span> <span class='ocrx_word' id='word_1_146' title='bbox 1005 2271 1157 2350; x_wconf 86' lang='lat' dir='ltr'><strong>consulti,</strong></span> <span class='ocrx_word' id='word_1_147' title='bbox 1185 2276 1222 2335; x_wconf 88' lang='lat' dir='ltr'><strong>ut</strong></span> <span class='ocrx_word' id='word_1_148' title='bbox 1246 2294 1317 2335; x_wconf 93' lang='lat' dir='ltr'><strong>cum</strong></span> 
     </span>
     <span class='ocr_line' id='line_1_20' title="bbox 139 2374 1318 2460; baseline 0.002 -23"><span class='ocrx_word' id='word_1_149' title='bbox 139 2374 306 2457; x_wconf 85' lang='lat' dir='ltr'><strong>provincia</strong></span> <span class='ocrx_word' id='word_1_150' title='bbox 328 2375 423 2439; x_wconf 90' lang='lat' dir='ltr'><strong>alicui</strong></span> <span class='ocrx_word' id='word_1_151' title='bbox 446 2376 635 2456; x_wconf 77' lang='lat' dir='ltr'><strong>decernitur,</strong></span> <span class='ocrx_word' id='word_1_152' title='bbox 667 2377 751 2460; x_wconf 90' lang='lat' dir='ltr'><strong>quod</strong></span> <span class='ocrx_word' id='word_1_153' title='bbox 774 2379 881 2439; x_wconf 92' lang='lat' dir='ltr'><strong>tamen</strong></span> <span class='ocrx_word' id='word_1_154' title='bbox 902 2376 1008 2458; x_wconf 91' lang='lat' dir='ltr'><strong>ipsum</strong></span> <span class='ocrx_word' id='word_1_155' title='bbox 1030 2379 1158 2440; x_wconf 87' lang='lat' dir='ltr'><strong>senatus</strong></span> <span class='ocrx_word' id='word_1_156' title='bbox 1180 2377 1318 2441; x_wconf 90' lang='lat' dir='ltr'><strong>consulti</strong></span> 
     </span>
     <span class='ocr_line' id='line_1_21' title="bbox 136 2477 381 2545; baseline 0.012 -3"><span class='ocrx_word' id='word_1_157' title='bbox 136 2481 196 2543; x_wconf 88' lang='lat' dir='ltr'><strong>est.</strong></span> <span class='ocrx_word' id='word_1_158' title='bbox 242 2477 283 2544; x_wconf 84' lang='lat' dir='ltr'><strong>F.</strong></span> <span class='ocrx_word' id='word_1_159' title='bbox 306 2485 381 2545; x_wconf 88' lang='grc'><strong><em>339.</em></strong></span> 
     </span>
    </p>

    <p class='ocr_par' dir='ltr' id='par_1_6' title="bbox 136 2579 1316 2880">
     <span class='ocr_line' id='line_1_22' title="bbox 137 2579 1315 2669; baseline 0.003 -23"><span class='ocrx_word' id='word_1_160' title='bbox 137 2579 399 2667; x_wconf 78' lang='lat' dir='ltr'><strong>[chaestcr]</strong></span> <span class='ocrx_word' id='word_1_161' title='bbox 423 2584 451 2649; x_wconf 90' lang='lat' dir='ltr'><strong>is</strong></span> <span class='ocrx_word' id='word_1_162' title='bbox 474 2584 601 2664; x_wconf 90' lang='lat' dir='ltr'><strong>dicitur,</strong></span> <span class='ocrx_word' id='word_1_163' title='bbox 625 2583 680 2668; x_wconf 93' lang='lat' dir='ltr'><strong>qui</strong></span> <span class='ocrx_word' id='word_1_164' title='bbox 697 2583 781 2648; x_wconf 89' lang='lat' dir='ltr'><strong>inter</strong></span> <span class='ocrx_word' id='word_1_165' title='bbox 796 2584 931 2668; x_wconf 87' lang='lat' dir='ltr'><strong>aliquos,</strong></span> <span class='ocrx_word' id='word_1_166' title='bbox 957 2583 1025 2667; x_wconf 80' lang='lat' dir='ltr'><strong>[qai</strong></span> <span class='ocrx_word' id='word_1_167' title='bbox 1040 2588 1164 2663; x_wconf 73' lang='grc'><strong><em>33333333,</em></strong></span> <span class='ocrx_word' id='word_1_168' title='bbox 1187 2585 1315 2669; x_wconf 79' lang='lat' dir='ltr'><strong>dequo]</strong></span> 
     </span>
     <span class='ocr_line' id='line_1_23' title="bbox 136 2688 1316 2774; baseline 0.004 -23"><span class='ocrx_word' id='word_1_169' title='bbox 136 2688 224 2752; x_wconf 90' lang='lat' dir='ltr'><strong>inter</strong></span> <span class='ocrx_word' id='word_1_170' title='bbox 240 2710 293 2753; x_wconf 91' lang='lat' dir='ltr'><strong>eos</strong></span> <span class='ocrx_word' id='word_1_171' title='bbox 308 2690 500 2770; x_wconf 87' lang='lat' dir='ltr'><strong>convenerit,</strong></span> <span class='ocrx_word' id='word_1_172' title='bbox 518 2691 630 2774; x_wconf 72' lang='grc'><strong><em>[033330</em></strong></span> <span class='ocrx_word' id='word_1_173' title='bbox 644 2690 818 2773; x_wconf 72' lang='lat' dir='ltr'><strong>depositam</strong></span> <span class='ocrx_word' id='word_1_174' title='bbox 832 2690 980 2774; x_wconf 80' lang='lat' dir='ltr'><strong>olc]quid,</strong></span> <span class='ocrx_word' id='word_1_175' title='bbox 1005 2693 1041 2754; x_wconf 95' lang='lat' dir='ltr'><strong>ut</strong></span> <span class='ocrx_word' id='word_1_176' title='bbox 1060 2691 1089 2755; x_wconf 90' lang='lat' dir='ltr'><strong>ei</strong></span> <span class='ocrx_word' id='word_1_177' title='bbox 1104 2691 1224 2770; x_wconf 88' lang='lat' dir='ltr'><strong>reddat,</strong></span> <span class='ocrx_word' id='word_1_178' title='bbox 1248 2692 1316 2756; x_wconf 76' lang='lat' dir='ltr'><strong>cui⁶</strong></span> 
     </span>
     <span class='ocr_line' id='line_1_24' title="bbox 139 2790 833 2880; baseline -0.001 -22"><span class='ocrx_word' id='word_1_179' title='bbox 139 2793 174 2858; x_wconf 93' lang='lat' dir='ltr'><strong>id</strong></span> <span class='ocrx_word' id='word_1_180' title='bbox 198 2790 320 2878; x_wconf 70' lang='grc'><strong><em>[0303337</em></strong></span> <span class='ocrx_word' id='word_1_181' title='bbox 341 2796 411 2860; x_wconf 77' lang='lat' dir='ltr'><strong>turc</strong></span> <span class='ocrx_word' id='word_1_182' title='bbox 434 2794 651 2880; x_wconf 82' lang='lat' dir='ltr'><strong>coa]stiterit⁷.</strong></span> <span class='ocrx_word' id='word_1_183' title='bbox 697 2794 736 2858; x_wconf 88' lang='lat' dir='ltr'><strong>F.</strong></span> <span class='ocrx_word' id='word_1_184' title='bbox 758 2799 833 2859; x_wconf 88' lang='grc'><strong><em>339.</em></strong></span> 
     </span>
    </p>

    <p class='ocr_par' dir='ltr' id='par_1_7' title="bbox 136 2896 1317 3602">
     <span class='ocr_line' id='line_1_25' title="bbox 136 2896 1316 2984; baseline 0.001 -20"><span class='ocrx_word' id='word_1_185' title='bbox 136 2896 356 2964; x_wconf 85' lang='lat' dir='ltr'><strong>Sertorem</strong></span> <span class='ocrx_word' id='word_1_186' title='bbox 379 2900 509 2984; x_wconf 90' lang='lat' dir='ltr'><strong>quidam</strong></span> <span class='ocrx_word' id='word_1_187' title='bbox 531 2903 649 2982; x_wconf 86' lang='lat' dir='ltr'><strong>putant</strong></span> <span class='ocrx_word' id='word_1_188' title='bbox 670 2899 790 2964; x_wconf 88' lang='lat' dir='ltr'><strong>dictum</strong></span> <span class='ocrx_word' id='word_1_189' title='bbox 814 2921 833 2962; x_wconf 85' lang='lat' dir='ltr'><strong>a</strong></span> <span class='ocrx_word' id='word_1_190' title='bbox 855 2898 1047 2982; x_wconf 91' lang='lat' dir='ltr'><strong>prendendo,</strong></span> <span class='ocrx_word' id='word_1_191' title='bbox 1070 2899 1146 2983; x_wconf 90' lang='lat' dir='ltr'><strong>quia</strong></span> <span class='ocrx_word' id='word_1_192' title='bbox 1161 2921 1232 2964; x_wconf 90' lang='lat' dir='ltr'><strong>cum</strong></span> <span class='ocrx_word' id='word_1_193' title='bbox 1248 2903 1316 2965; x_wconf 90' lang='lat' dir='ltr'><strong>cui-</strong></span> 
     </span>
     <span class='ocr_line' id='line_1_26' title="bbox 138 3002 1316 3087; baseline 0.003 -21"><span class='ocrx_word' id='word_1_194' title='bbox 138 3002 228 3087; x_wconf 88' lang='lat' dir='ltr'><strong>piam</strong></span> <span class='ocrx_word' id='word_1_195' title='bbox 250 3003 377 3068; x_wconf 88' lang='lat' dir='ltr'><strong>adsorat</strong></span> <span class='ocrx_word' id='word_1_196' title='bbox 399 3026 540 3083; x_wconf 88' lang='lat' dir='ltr'><strong>manum,</strong></span> <span class='ocrx_word' id='word_1_197' title='bbox 563 3003 713 3068; x_wconf 92' lang='lat' dir='ltr'><strong>educendi</strong></span> <span class='ocrx_word' id='word_1_198' title='bbox 736 3003 802 3067; x_wconf 90' lang='lat' dir='ltr'><strong>eius</strong></span> <span class='ocrx_word' id='word_1_199' title='bbox 818 3002 925 3087; x_wconf 83' lang='lat' dir='ltr'><strong>gratia</strong></span> <span class='ocrx_word' id='word_1_200' title='bbox 947 3025 986 3067; x_wconf 86' lang='lat' dir='ltr'><strong>ex</strong></span> <span class='ocrx_word' id='word_1_201' title='bbox 1002 3004 1155 3068; x_wconf 85' lang='lat' dir='ltr'><strong>servitute</strong></span> <span class='ocrx_word' id='word_1_202' title='bbox 1169 3005 1201 3068; x_wconf 95' lang='lat' dir='ltr'><strong>in</strong></span> <span class='ocrx_word' id='word_1_203' title='bbox 1218 3005 1316 3070; x_wconf 92' lang='lat' dir='ltr'><strong>liber-</strong></span> 
     </span>
     <span class='ocr_line' id='line_1_27' title="bbox 136 3107 1316 3195; baseline 0.003 -25"><span class='ocrx_word' id='word_1_204' title='bbox 136 3109 249 3187; x_wconf 88' lang='lat' dir='ltr'><strong>tatem,</strong></span> <span class='ocrx_word' id='word_1_205' title='bbox 281 3113 410 3173; x_wconf 83' lang='lat' dir='ltr'><strong>vocetur</strong></span> <span class='ocrx_word' id='word_1_206' title='bbox 432 3110 592 3173; x_wconf 86' lang='lat' dir='ltr'><strong>adsertor:</strong></span> <span class='ocrx_word' id='word_1_207' title='bbox 627 3131 699 3173; x_wconf 93' lang='lat' dir='ltr'><strong>cum</strong></span> <span class='ocrx_word' id='word_1_208' title='bbox 722 3107 788 3173; x_wconf 87' lang='lat' dir='ltr'><strong>veri</strong></span> <span class='ocrx_word' id='word_1_209' title='bbox 811 3107 946 3172; x_wconf 91' lang='lat' dir='ltr'><strong>similius</strong></span> <span class='ocrx_word' id='word_1_210' title='bbox 969 3108 1012 3172; x_wconf 85' lang='lat' dir='ltr'><strong>sit</strong></span> <span class='ocrx_word' id='word_1_211' title='bbox 1042 3108 1162 3172; x_wconf 89' lang='lat' dir='ltr'><strong>dictum</strong></span> <span class='ocrx_word' id='word_1_212' title='bbox 1186 3109 1241 3195; x_wconf 92' lang='lat' dir='ltr'><strong>qui</strong></span> <span class='ocrx_word' id='word_1_213' title='bbox 1265 3132 1316 3175; x_wconf 89' lang='lat' dir='ltr'><strong>se·</strong></span> 
     </span>
     <span class='ocr_line' id='line_1_28' title="bbox 138 3213 1315 3298; baseline 0.002 -22"><span class='ocrx_word' id='word_1_214' title='bbox 138 3217 224 3278; x_wconf 92' lang='lat' dir='ltr'><strong>reret</strong></span> <span class='ocrx_word' id='word_1_215' title='bbox 248 3213 342 3296; x_wconf 80' lang='lat' dir='ltr'><strong>quid3</strong></span> <span class='ocrx_word' id='word_1_216' title='bbox 366 3236 403 3278; x_wconf 90' lang='lat' dir='ltr'><strong>ac</strong></span> <span class='ocrx_word' id='word_1_217' title='bbox 424 3215 531 3298; x_wconf 91' lang='lat' dir='ltr'><strong>potius</strong></span> <span class='ocrx_word' id='word_1_218' title='bbox 555 3214 748 3278; x_wconf 88' lang='lat' dir='ltr'><strong>adsertorem</strong></span> <span class='ocrx_word' id='word_1_219' title='bbox 772 3213 937 3277; x_wconf 88' lang='lat' dir='ltr'><strong>aserendo</strong></span> <span class='ocrx_word' id='word_1_220' title='bbox 960 3214 1078 3297; x_wconf 87' lang='lat' dir='ltr'><strong>cepisse</strong></span> <span class='ocrx_word' id='word_1_221' title='bbox 1094 3235 1219 3293; x_wconf 90' lang='lat' dir='ltr'><strong>nomen,</strong></span> <span class='ocrx_word' id='word_1_222' title='bbox 1242 3236 1315 3278; x_wconf 92' lang='lat' dir='ltr'><strong>cum</strong></span> 
     </span>
     <span class='ocr_line' id='line_1_29' title="bbox 140 3318 1317 3403; baseline 0.001 -21"><span class='ocrx_word' id='word_1_223' title='bbox 140 3319 281 3402; x_wconf 90' lang='lat' dir='ltr'><strong>aliquem</strong></span> <span class='ocrx_word' id='word_1_224' title='bbox 304 3323 389 3383; x_wconf 85' lang='lat' dir='ltr'><strong>serat</strong></span> <span class='ocrx_word' id='word_1_225' title='bbox 411 3319 547 3403; x_wconf 90' lang='lat' dir='ltr'><strong>petendo</strong></span> <span class='ocrx_word' id='word_1_226' title='bbox 574 3318 609 3382; x_wconf 92' lang='lat' dir='ltr'><strong>in</strong></span> <span class='ocrx_word' id='word_1_227' title='bbox 630 3318 812 3382; x_wconf 85' lang='lat' dir='ltr'><strong>libertatem</strong></span> <span class='ocrx_word' id='word_1_228' title='bbox 835 3319 983 3397; x_wconf 87' lang='lat' dir='ltr'><strong>eandem,</strong></span> <span class='ocrx_word' id='word_1_229' title='bbox 1017 3340 1080 3400; x_wconf 91' lang='lat' dir='ltr'><strong>qua</strong></span> <span class='ocrx_word' id='word_1_230' title='bbox 1101 3319 1170 3401; x_wconf 88' lang='lat' dir='ltr'><strong>ipse</strong></span> <span class='ocrx_word' id='word_1_231' title='bbox 1193 3320 1253 3397; x_wconf 91' lang='lat' dir='ltr'><strong>sit,</strong></span> <span class='ocrx_word' id='word_1_232' title='bbox 1283 3320 1317 3383; x_wconf 95' lang='lat' dir='ltr'><strong>id</strong></span> 
     </span>
     <span class='ocr_line' id='line_1_30' title="bbox 140 3421 1317 3509; baseline 0 -21"><span class='ocrx_word' id='word_1_233' title='bbox 140 3427 188 3489; x_wconf 88' lang='lat' dir='ltr'><strong>est</strong></span> <span class='ocrx_word' id='word_1_234' title='bbox 211 3423 337 3509; x_wconf 88' lang='lat' dir='ltr'><strong>iungat,</strong></span> <span class='ocrx_word' id='word_1_235' title='bbox 362 3425 438 3508; x_wconf 88' lang='lat' dir='ltr'><strong>quia</strong></span> <span class='ocrx_word' id='word_1_236' title='bbox 459 3424 568 3508; x_wconf 75' lang='lat' dir='ltr'><strong>fruges</strong></span> <span class='ocrx_word' id='word_1_237' title='bbox 594 3445 663 3488; x_wconf 88' lang='lat' dir='ltr'><strong>cum</strong></span> <span class='ocrx_word' id='word_1_238' title='bbox 681 3426 840 3502; x_wconf 90' lang='lat' dir='ltr'><strong>seruntur,</strong></span> <span class='ocrx_word' id='word_1_239' title='bbox 864 3427 968 3487; x_wconf 91' lang='lat' dir='ltr'><strong>terrae</strong></span> <span class='ocrx_word' id='word_1_240' title='bbox 982 3421 1186 3508; x_wconf 80' lang='lat' dir='ltr'><strong>iunguntur⁸.</strong></span> <span class='ocrx_word' id='word_1_241' title='bbox 1225 3422 1317 3499; x_wconf 83' lang='lat' dir='ltr'><strong>Quod</strong></span> 
     </span>
     <span class='ocr_line' id='line_1_31' title="bbox 138 3527 979 3602; baseline -0.004 -9"><span class='ocrx_word' id='word_1_242' title='bbox 138 3532 245 3593; x_wconf 90' lang='lat' dir='ltr'><strong>totum</strong></span> <span class='ocrx_word' id='word_1_243' title='bbox 268 3527 400 3594; x_wconf 88' lang='lat' dir='ltr'><strong>Verrius</strong></span> <span class='ocrx_word' id='word_1_244' title='bbox 424 3529 586 3602; x_wconf 69' lang='grc' dir='ltr'><strong>ἀπιθάνως</strong></span> <span class='ocrx_word' id='word_1_245' title='bbox 610 3527 797 3592; x_wconf 85' lang='lat' dir='ltr'><strong>introduxit.</strong></span> <span class='ocrx_word' id='word_1_246' title='bbox 844 3528 883 3592; x_wconf 84' lang='lat' dir='ltr'><strong>F.</strong></span> <span class='ocrx_word' id='word_1_247' title='bbox 905 3532 979 3592; x_wconf 83' lang='grc'><strong><em>340.</em></strong></span> 
     </span>
    </p>

    <p class='ocr_par' dir='ltr' id='par_1_8' title="bbox 137 3631 1318 3927">
     <span class='ocr_line' id='line_1_32' title="bbox 137 3631 1318 3717; baseline 0.002 -21"><span class='ocrx_word' id='word_1_248' title='bbox 137 3631 335 3698; x_wconf 81' lang='lat' dir='ltr'><strong>Sesterti</strong></span> <span class='ocrx_word' id='word_1_249' title='bbox 366 3632 505 3717; x_wconf 76' lang='lat' dir='ltr'><strong>no⁰[tam</strong></span> <span class='ocrx_word' id='word_1_250' title='bbox 531 3632 652 3715; x_wconf 78' lang='lat' dir='ltr'><strong>Oppias</strong></span> <span class='ocrx_word' id='word_1_251' title='bbox 669 3634 716 3716; x_wconf 88' lang='lat'><strong>(.)</strong></span> <span class='ocrx_word' id='word_1_252' title='bbox 739 3633 786 3696; x_wconf 78' lang='grc'><strong>333</strong></span> <span class='ocrx_word' id='word_1_253' title='bbox 807 3632 899 3716; x_wconf 73' lang='lat' dir='ltr'><strong>siqua</strong></span> <span class='ocrx_word' id='word_1_254' title='bbox 921 3631 1086 3715; x_wconf 72' lang='lat' dir='ltr'><strong>continere]</strong></span> <span class='ocrx_word' id='word_1_255' title='bbox 1120 3632 1262 3716; x_wconf 92' lang='lat' dir='ltr'><strong>dupundi</strong></span> <span class='ocrx_word' id='word_1_256' title='bbox 1285 3637 1318 3698; x_wconf 93' lang='lat' dir='ltr'><strong>et</strong></span> 
     </span>
     <span class='ocr_line' id='line_1_33' title="bbox 138 3737 1316 3822; baseline 0.001 -21"><span class='ocrx_word' id='word_1_257' title='bbox 138 3737 322 3818; x_wconf 87' lang='lat' dir='ltr'><strong>semissis¹⁰,</strong></span> <span class='ocrx_word' id='word_1_258' title='bbox 346 3737 442 3822; x_wconf 83' lang='lat' dir='ltr'><strong>[unde</strong></span> <span class='ocrx_word' id='word_1_259' title='bbox 464 3739 622 3803; x_wconf 79' lang='lat' dir='ltr'><strong>sestertias</strong></span> <span class='ocrx_word' id='word_1_260' title='bbox 644 3738 745 3802; x_wconf 73' lang='grc'><strong><em>033033</em></strong></span> <span class='ocrx_word' id='word_1_261' title='bbox 767 3738 860 3819; x_wconf 73' lang='lat' dir='ltr'><strong>quast</strong></span> <span class='ocrx_word' id='word_1_262' title='bbox 874 3737 1112 3820; x_wconf 79' lang='lat' dir='ltr'><strong>semis]tertius;</strong></span> <span class='ocrx_word' id='word_1_263' title='bbox 1137 3737 1191 3802; x_wconf 92' lang='lat' dir='ltr'><strong>sed</strong></span> <span class='ocrx_word' id='word_1_264' title='bbox 1207 3741 1316 3802; x_wconf 91' lang='lat' dir='ltr'><strong>auctos</strong></span> 
     </span>
     <span class='ocr_line' id='line_1_34' title="bbox 141 3841 1318 3927; baseline -0.002 -20"><span class='ocrx_word' id='word_1_265' title='bbox 141 3845 221 3927; x_wconf 82' lang='lat' dir='ltr'><strong>es[sc</strong></span> <span class='ocrx_word' id='word_1_266' title='bbox 238 3848 350 3925; x_wconf 79' lang='lat' dir='ltr'><strong>postea</strong></span> <span class='ocrx_word' id='word_1_267' title='bbox 372 3863 458 3907; x_wconf 80' lang='lat' dir='ltr'><strong>asses</strong></span> <span class='ocrx_word' id='word_1_268' title='bbox 479 3844 514 3908; x_wconf 81' lang='lat' dir='ltr'><strong>ia</strong></span> <span class='ocrx_word' id='word_1_269' title='bbox 537 3843 701 3924; x_wconf 68' lang='lat' dir='ltr'><strong>socialia]</strong></span> <span class='ocrx_word' id='word_1_270' title='bbox 748 3841 844 3927; x_wconf 89' lang='lat' dir='ltr'><strong>Apud</strong></span> <span class='ocrx_word' id='word_1_271' title='bbox 870 3842 1019 3926; x_wconf 86' lang='lat' dir='ltr'><strong>antiquos</strong></span> <span class='ocrx_word' id='word_1_272' title='bbox 1050 3846 1157 3906; x_wconf 88' lang='lat' dir='ltr'><strong>autem</strong></span> <span class='ocrx_word' id='word_1_273' title='bbox 1179 3841 1318 3926; x_wconf 78' lang='grc'><strong><em>[0333333</em></strong></span> 
     </span>
    </p>
   </div>
   <div class='ocr_carea' id='block_1_3' title="bbox 142 3946 1317 4030">
    <p class='ocr_par' dir='ltr' id='par_1_9' title="bbox 142 3946 1317 4030">
     <span class='ocr_line' id='line_1_35' title="bbox 142 3946 1317 4030; baseline -0.002 -18"><span class='ocrx_word' id='word_1_274' title='bbox 142 3949 293 4013; x_wconf 81' lang='lat' dir='ltr'><strong>decoram</strong></span> <span class='ocrx_word' id='word_1_275' title='bbox 317 3948 439 4013; x_wconf 81' lang='lat' dir='ltr'><strong>assiam</strong></span> <span class='ocrx_word' id='word_1_276' title='bbox 462 3949 568 4030; x_wconf 88' lang='lat' dir='ltr'><strong>e]rant</strong></span> <span class='ocrx_word' id='word_1_277' title='bbox 589 3951 622 4011; x_wconf 89' lang='lat' dir='ltr'><strong>ct</strong></span> <span class='ocrx_word' id='word_1_278' title='bbox 640 3947 789 4012; x_wconf 84' lang='lat' dir='ltr'><strong>valebant</strong></span> <span class='ocrx_word' id='word_1_279' title='bbox 813 3948 972 4030; x_wconf 66' lang='lat' dir='ltr'><strong>[decussis</strong></span> <span class='ocrx_word' id='word_1_280' title='bbox 995 3946 1235 4029; x_wconf 76' lang='lat' dir='ltr'><strong>dicebanturque</strong></span> <span class='ocrx_word' id='word_1_281' title='bbox 1248 3958 1317 4011; x_wconf 81' lang='lat' dir='ltr'><strong>tana</strong></span> 
     </span>
    </p>
   </div>
   <div class='ocr_carea' id='block_1_4' title="bbox 142 4083 346 4092">
    <p class='ocr_par' dir='ltr' id='par_1_10' title="bbox 142 4083 346 4092">
     <span class='ocr_line' id='line_1_36' title="bbox 142 4083 346 4092; baseline -0.01 0"><span class='ocrx_word' id='word_1_282' title='bbox 142 4083 346 4092; x_wconf 49' lang='lat' dir='ltr'><strong>*aa—.—</strong></span> 
     </span>
    </p>
   </div>
   <div class='ocr_carea' id='block_1_5' title="bbox 140 4118 1317 4457">
    <p class='ocr_par' dir='ltr' id='par_1_11' title="bbox 140 4118 1317 4457">
     <span class='ocr_line' id='line_1_37' title="bbox 210 4118 1316 4193; baseline -0.008 -14"><span class='ocrx_word' id='word_1_283' title='bbox 210 4127 236 4191; x_wconf 90' lang='grc'><strong>1)</strong></span> <span class='ocrx_word' id='word_1_284' title='bbox 255 4123 459 4193; x_wconf 86' lang='lat' dir='ltr'><strong>persequantur</strong></span> <span class='ocrx_word' id='word_1_285' title='bbox 472 4119 505 4175; x_wconf 79' lang='lat' dir='ltr'><strong>G.</strong></span> <span class='ocrx_word' id='word_1_286' title='bbox 524 4151 558 4160; x_wconf 93' lang='lat'><em>-</em></span> <span class='ocrx_word' id='word_1_287' title='bbox 578 4122 604 4189; x_wconf 79' lang='lat'><strong>2)</strong></span> <span class='ocrx_word' id='word_1_288' title='bbox 622 4119 709 4174; x_wconf 90' lang='lat' dir='ltr'><strong>etiam</strong></span> <span class='ocrx_word' id='word_1_289' title='bbox 728 4123 785 4174; x_wconf 90' lang='lat' dir='ltr'><strong>tres</strong></span> <span class='ocrx_word' id='word_1_290' title='bbox 804 4120 860 4174; x_wconf 79' lang='lat' dir='ltr'><strong>cod.</strong></span> <span class='ocrx_word' id='word_1_291' title='bbox 880 4150 912 4160; x_wconf 92' lang='lat'><strong>·-</strong></span> <span class='ocrx_word' id='word_1_292' title='bbox 932 4120 960 4187; x_wconf 89' lang='grc'><strong>3)</strong></span> <span class='ocrx_word' id='word_1_293' title='bbox 980 4118 1101 4173; x_wconf 88' lang='lat' dir='ltr'><strong>adicitur</strong></span> <span class='ocrx_word' id='word_1_294' title='bbox 1118 4119 1158 4173; x_wconf 77' lang='lat' dir='ltr'><strong>cel</strong></span> <span class='ocrx_word' id='word_1_295' title='bbox 1176 4118 1261 4172; x_wconf 78' lang='grc'><strong><em>333303</em></strong></span> <span class='ocrx_word' id='word_1_296' title='bbox 1272 4133 1316 4171; x_wconf 84' lang='lat' dir='ltr'><strong>oo·</strong></span> 
     </span>
     <span class='ocr_line' id='line_1_38' title="bbox 140 4205 1315 4278; baseline -0.005 -12"><span class='ocrx_word' id='word_1_297' title='bbox 140 4212 264 4266; x_wconf 80' lang='grc'><strong><em>33030333</em></strong></span> <span class='ocrx_word' id='word_1_298' title='bbox 282 4210 388 4266; x_wconf 75' lang='lat' dir='ltr'><strong>eccidit.</strong></span> <span class='ocrx_word' id='word_1_299' title='bbox 417 4238 451 4248; x_wconf 91' lang='lat'><em>-</em></span> <span class='ocrx_word' id='word_1_300' title='bbox 478 4210 506 4274; x_wconf 78' lang='lat'><strong>4)</strong></span> <span class='ocrx_word' id='word_1_301' title='bbox 526 4209 656 4262; x_wconf 89' lang='lat' dir='ltr'><strong>senatum</strong></span> <span class='ocrx_word' id='word_1_302' title='bbox 675 4208 733 4264; x_wconf 83' lang='lat' dir='ltr'><strong>cod.</strong></span> <span class='ocrx_word' id='word_1_303' title='bbox 751 4239 784 4248; x_wconf 92' lang='lat'>—</span> <span class='ocrx_word' id='word_1_304' title='bbox 804 4212 832 4278; x_wconf 83' lang='grc'><strong>5)</strong></span> <span class='ocrx_word' id='word_1_305' title='bbox 850 4210 1001 4277; x_wconf 88' lang='lat' dir='ltr'><strong>coeperunt</strong></span> <span class='ocrx_word' id='word_1_306' title='bbox 1019 4207 1075 4262; x_wconf 85' lang='lat' dir='ltr'><strong>cod.</strong></span> <span class='ocrx_word' id='word_1_307' title='bbox 1096 4237 1125 4246; x_wconf 47' lang='grc' dir='ltr'>ψ</span> <span class='ocrx_word' id='word_1_308' title='bbox 1146 4209 1173 4275; x_wconf 78' lang='grc'><strong>6)</strong></span> <span class='ocrx_word' id='word_1_309' title='bbox 1192 4205 1240 4274; x_wconf 92' lang='lat' dir='ltr'><strong>qui</strong></span> <span class='ocrx_word' id='word_1_310' title='bbox 1259 4205 1315 4260; x_wconf 80' lang='lat' dir='ltr'><strong>cod.</strong></span> 
     </span>
     <span class='ocr_line' id='line_1_39' title="bbox 143 4294 1317 4372; baseline -0.009 -16"><span class='ocrx_word' id='word_1_311' title='bbox 143 4331 171 4340; x_wconf 86' lang='lat'><em>-</em></span> <span class='ocrx_word' id='word_1_312' title='bbox 193 4300 220 4372; x_wconf 83' lang='lat'><strong>7)</strong></span> <span class='ocrx_word' id='word_1_313' title='bbox 241 4299 283 4368; x_wconf 82' lang='lat' dir='ltr'><strong>Of.</strong></span> <span class='ocrx_word' id='word_1_314' title='bbox 304 4299 370 4354; x_wconf 74' lang='lat' dir='ltr'><strong>su.</strong></span> <span class='ocrx_word' id='word_1_315' title='bbox 391 4314 430 4352; x_wconf 84' lang='lat' dir='ltr'><strong>or.</strong></span> <span class='ocrx_word' id='word_1_316' title='bbox 452 4300 556 4365; x_wconf 71' lang='lat'><strong><em>10,260.</em></strong></span> <span class='ocrx_word' id='word_1_317' title='bbox 584 4327 620 4335; x_wconf 93' lang='lat'><em>-</em></span> <span class='ocrx_word' id='word_1_318' title='bbox 646 4296 673 4364; x_wconf 86' lang='grc'><strong>8)</strong></span> <span class='ocrx_word' id='word_1_319' title='bbox 691 4295 787 4365; x_wconf 86' lang='lat' dir='ltr'><strong>iungit</strong></span> <span class='ocrx_word' id='word_1_320' title='bbox 805 4297 860 4350; x_wconf 80' lang='lat' dir='ltr'><strong>cod.</strong></span> <span class='ocrx_word' id='word_1_321' title='bbox 888 4326 922 4336; x_wconf 91' lang='lat'><em>-</em></span> <span class='ocrx_word' id='word_1_322' title='bbox 950 4296 976 4351; x_wconf 73' lang='grc'><strong>9)</strong></span> <span class='ocrx_word' id='word_1_323' title='bbox 995 4295 1127 4349; x_wconf 77' lang='lat' dir='ltr'><strong>Extrema</strong></span> <span class='ocrx_word' id='word_1_324' title='bbox 1145 4294 1235 4348; x_wconf 72' lang='lat' dir='ltr'><strong>littam</strong></span> <span class='ocrx_word' id='word_1_325' title='bbox 1251 4310 1317 4346; x_wconf 82' lang='lat' dir='ltr'><strong>nam</strong></span> 
     </span>
     <span class='ocr_line' id='line_1_40' title="bbox 141 4383 674 4457; baseline -0.015 -12"><span class='ocrx_word' id='word_1_326' title='bbox 141 4391 220 4457; x_wconf 80' lang='lat' dir='ltr'><strong>osit,</strong></span> <span class='ocrx_word' id='word_1_327' title='bbox 239 4387 358 4442; x_wconf 77' lang='lat' dir='ltr'><strong>dubiam.</strong></span> <span class='ocrx_word' id='word_1_328' title='bbox 376 4416 412 4427; x_wconf 92' lang='lat'>-</span> <span class='ocrx_word' id='word_1_329' title='bbox 431 4384 474 4456; x_wconf 89' lang='grc'><strong>10)</strong></span> <span class='ocrx_word' id='word_1_330' title='bbox 493 4383 600 4440; x_wconf 88' lang='lat' dir='ltr'><strong>semisis</strong></span> <span class='ocrx_word' id='word_1_331' title='bbox 618 4384 674 4439; x_wconf 84' lang='lat' dir='ltr'><strong>cod.</strong></span> 
     </span>
    </p>
   </div>
   <div class='ocr_carea' id='block_1_6' title="bbox 0 0 1480 4996">
    <p class='ocr_par' dir='ltr' id='par_1_12' title="bbox 0 0 1480 4996">
     <span class='ocr_line' id='line_1_41' title="bbox 0 0 1480 4996; baseline 0 0"><span class='ocrx_word' id='word_1_332' title='bbox 0 0 1480 4996; x_wconf 95' lang='lat' dir='ltr'><strong> </strong></span> 
     </span>
    </p>
   </div>
  </div>
 </body>
</html>
