2954 5010
582 322 670 393 Leges
687 322 790 392 regiae.
1236 319 1277 386 13

93 502 140 567 ab
171 503 305 588 antiqua
334 505 431 587 gente
456 498 661 585 Aequiculis,
694 497 778 583 quod
801 519 885 561 nunc
907 494 1032 561 fetiales
1054 496 1190 576 habent,
1222 497 1276 560 de-

93 607 237 693 scripsit,
261 630 324 694 quo
347 630 397 673 res
420 606 636 692 ιεμούιιιιύιιι.1

408 782 450 849 V.
482 778 755 858 TARQUINIUS
779 778 965 845 PulchS.

188 926 218 992 1.
250 923 354 992 &icero
379 924 431 1006 (de
445 945 508 1006 rep.
524 925 637 1008 2‚20).·
660 921 863 1006 Tarquinius,
886 957 929 968 —
945 924 982 985 ut
1004 919 1043 984 de
1065 941 1122 983 suo
1144 915 1278 1000 imperio

94 1033 203 1118 legem
226 1031 312 1111 tulit,
335 1029 494 1114 principio
515 1028 690 1112 duplicavit
703 1065 744 1073 —-
759 1027 931 1111 pristinum
953 1029 1082 1109 patrum
1097 1045 1276 1102 numerum,

95 1143 131 1203 et
154 1138 304 1223 antiquos
327 1141 434 1221 patres
462 1134 629 1200 ‘maiorum
653 1131 808 1220 gentium'
830 1130 1020 1216 appellavit,
1056 1151 1135 1214 quos
1157 1130 1278 1214 priores

96 1244 294 1309 sententiam
315 1241 462 1327 rogabat,
487 1263 506 1304 a
529 1262 562 1304 se
587 1239 723 1303 adscitos
745 1233 951 1303 ‘minorum'.²

188 1351 220 1416 2.
253 1348 350 1414 Dion.
374 1343 576 1430 (3,61.62).·ί
600 1344 629 1408 οἱ
651 1343 795 1430 πρέσβεις
819 1341 894 1426 (τῶν
912 1338 1095 1425 Τυββηνῶν)
1118 1375 1163 1386 --
1178 1347 1278 1424 παρη-

97 1474 158 1518 σαν
174 1453 381 1539 --φέροντες
398 1490 438 1500 -
455 1454 493 1515 τὰ
516 1449 658 1537 σύμβολα
681 1459 736 1535 τῆς
755 1447 934 1534 ἡγεμονίας,
958 1447 1003 1520 οίς
1020 1444 1175 1528 ἐκόσμουν
1191 1445 1280 1507 αύτοί

94 1563 171 1635 τοὺς
202 1559 372 1644 σφετέρους
403 1556 557 1645 βασιλεῖς,
587 1554 770 1639 κομίζοντες
801 1551 953 1636 στέφανόν
983 1571 1017 1614 τε
1040 1549 1192 1634 χρύσεον,
1225 1550 1280 1612 καί

96 1665 219 1750 θρόνον
253 1665 468 1749 ἐλεφάντινον,
502 1663 557 1725 καί
579 1671 739 1746 σκῆπτρον
762 1660 854 1722 ἀετόν
878 1659 951 1741 ἔχον
976 1656 1026 1719 ἐπὶ
1048 1664 1103 1740 τῆς
1126 1654 1279 1740 κεφαλῆς,

98 1771 221 1855 χιτῶνά
241 1792 275 1835 τε
296 1777 475 1854 πορφυροῦν
497 1767 698 1853 χρυσόσημον
721 1767 776 1829 καί
798 1763 997 1851 περιβόλαιον
1013 1768 1193 1845 πορφυροῦν
1209 1782 1278 1824 ποι-

99 1875 203 1940 κίλον.
229 1913 269 1923 -
294 1874 431 1950 Ταύταις
463 1883 531 1949 ταῖς
553 1882 655 1957 τιμαῖς
680 1872 697 1934 ὁ
721 1870 895 1955 Ταρκύνιος
918 1871 978 1932 ούκ
1002 1867 1097 1941 εὐθὺς
1121 1865 1279 1952 ἐχρήσατο

95 1979 223 2068 λαβὼν,
259 1980 302 2056 ὡς
337 1979 527 2044 οἱπλεῖστοι
561 1979 716 2064 γράφουσι
744 1989 806 2044 τῶν
839 1976 1027 2061 Ῥωμαϊκῶν
1060 1972 1279 2057 συγγραφέων,

98 2083 174 2150 ἀλλ’
195 2086 335 2162 ἀποδούς
357 2097 396 2172 τῇ
419 2108 453 2151 τε
469 2085 568 2173 βουλη
592 2086 706 2169 καὶτῷ
723 2083 812 2169 δήμῳ
828 2086 884 2167 τὴν
901 2081 1075 2165 διάγνωσιν,
1099 2080 1129 2142 εἴ
1142 2077 1278 2162 ληπτέον

100 2191 193 2275 αὐτά,
216 2191 325 2278 ἐπειδὴ
348 2201 423 2255 πᾶσι
445 2190 645 2279 βουλομένοις
667 2193 716 2276 ην,
739 2190 811 2254 τότε
833 2185 1055 2273 προσεδέξατο.
1313 2190 1317 2198 ’

437 2367 494 2435 Vl.
533 2365 720 2434 SERVIUS
743 2365 936 2434 TULLIUS.

189 2502 219 2567 1.
251 2501 365 2567 Ionius
388 2500 510 2589 (1,42):
534 2500 671 2566 Censum
689 2501 896 2582 -instituit,
916 2541 953 2548 -
970 2501 1085 2567 classes
1100 2500 1276 2567 centurias-

97 2629 162 2692 que
185 2611 281 2672 et-
307 2607 450 2673 ordinem
472 2631 510 2672 ex
534 2630 630 2673 censu
653 2607 827 2691 descripsit.

189 2713 219 2776 2.
250 2711 349 2778 Dion.
366 2713 515 2798 (4,15):⁴
537 2721 581 2798 τῷ
605 2712 640 2776 δὲ
664 2715 706 2797 μὴ
729 2712 927 2797 τιμησαμένῳ
950 2711 1097 2796 τιμωρίαν
1114 2713 1207 2796 ὥρισε
1222 2720 1279 2797 τῆς

99 2838 136 2881 τε
159 2815 268 2891 οὐσίας
291 2815 469 2901 στέρεσθαι,
492 2820 547 2882 καί
571 2819 666 2882 αὐτόν
689 2817 929 2901 μαστιγωθέντα
952 2818 1124 2903 πραθῆναι.

188 2924 219 2987 3.
254 2920 352 2987 Dion.
377 2923 529 3009 (ιί,22);ί
562 2921 599 2987 Ὁ
623 2923 658 2986 δέ
680 2920 814 2998 Τύλλιος
837 2925 892 2987 καί
914 2932 979 2998 τοῖς
1002 2921 1279 3008 ἐλευθερουμένοις

99 3037 163 3092 τῶν
185 3027 392 3111 θεραπόντων
415 3065 459 3077 -
482 3028 622 3114 μετέχειν
638 3040 694 3116 της
710 3030 916 3107 ἰσοπολιτείας
933 3029 1095 3115 ἐπέτρεψε.
1125 3030 1279 3104 κελεύσας

174 3276 200 3347 1)
221 3275 266 3345 Cf.
284 3276 331 3344 lep.
354 3274 423 3329 Tull.
442 3275 521 3331 Host.
539 3280 562 3332 1.
587 3307 622 3316 -
645 3277 672 3346 2)
694 3276 735 3346 Of.
754 3275 816 3333 Isto.
835 3280 900 3344 1,55.
926 3276 1011 3331 Dion.
1029 3279 1099 3343 3,67.
1123 3307 1156 3316 -
1175 3277 1201 3343 3)
1219 3275 1281 3342 (le-

104 3364 168 3434 gati
186 3364 368 3419 Etruscorum
387 3362 508 3418 aderant
527 3364 647 3419 ferentes
666 3364 792 3434 insignia
810 3363 928 3434 imperii,
948 3364 1048 3434 quibus
1061 3362 1115 3433 ipsi
1127 3379 1207 3432 reges
1219 3379 1282 3418 suos

100 3452 255 3512 ornabant,
277 3452 424 3520 portantes
443 3468 573 3508 coronam
589 3470 714 3516 auream,
732 3454 832 3508 sellam
849 3455 1009 3518 eburneam,
1029 3454 1169 3521 sceptrum
1188 3451 1284 3520 aquila

101 3538 132 3593 in
149 3537 245 3609 capite
264 3539 411 3601 ornatum,
443 3538 569 3594 tunicam
588 3557 759 3610 purpuream
778 3559 847 3597 auro
864 3541 1041 3605 distinctam,
1064 3542 1162 3609 togam
1180 3557 1284 3610 purpu-

101 3644 180 3681 ream
199 3625 317 3696 pictum.
355 3625 524 3694 Tarquinius
551 3628 648 3681 tamen
667 3626 711 3680 his
730 3628 880 3684 honoribus
899 3645 955 3683 non
974 3627 1074 3682 statim
1092 3644 1158 3681 usus
1176 3628 1232 3690 cst,
1251 3627 1284 3679 ut

105 3713 232 3783 plerique
251 3711 418 3782 scriptorum
437 3711 628 3768 Romanorum
647 3714 778 3773 tradunt,
796 3714 844 3767 sed
863 3716 976 3768 senatus
996 3714 1149 3784 populique
1168 3713 1286 3768 arbitrio

101 3800 285 3871 permittens,
314 3817 351 3853 an
369 3797 521 3868 recipiendi
546 3800 664 3856 honores
683 3804 788 3867 essent,
812 3803 874 3855 tum
893 3801 1006 3857 demum
1026 3819 1089 3856 cum
1107 3819 1201 3857 omnes
1220 3819 1284 3857 con-

104 3890 259 3944 sensissent
285 3905 330 3944 σοι
355 3888 482 3958 accepit.)
518 3889 613 3944 Etiam
633 3890 702 3944 XII
715 3893 820 3946 lictores
840 3892 924 3945 Dion.
944 3893 987 3945 hic
1004 3890 1094 3960 refert,
1113 3906 1179 3958 quos
1196 3890 1286 3942 ιἰιιηα

102 3977 222 4032 mulo
250 3982 369 4046 emptos
387 3993 441 4031 ecee
464 3976 525 4032 In'o.
543 3981 587 4046 1,8
605 3984 631 4033 et
648 3979 725 4034 Prot.
745 3979 822 4034 Rom.
840 3983 876 4033 26
894 3980 1013 4034 uadunt.
1051 3977 1092 4047 Of,
1113 3977 1231 4043 Rubico,
1251 3975 1284 4029 R.

108 4066 180 4135 Verf.
201 4068 265 4120 396.
284 4095 318 4106 -
335 4066 364 4136 4)
381 4066 511 4135 (incensis
529 4083 648 4135 poenam
667 4069 823 4132 constituit,
842 4068 922 4124 bonis
933 4065 1042 4137 privari
1055 4066 1083 4118 et
1095 4064 1182 4132 virgis
1195 4080 1286 4119 caesos

102 4169 204 4208 venum
223 4152 308 4222 dari.)
326 4184 360 4193 —
378 4154 406 4224 5)
424 4153 543 4220 (Tullius
562 4155 648 4210 servis
667 4156 845 4210 manumissis
862 4155 1007 4211 civitatem
1020 4153 1123 4207 habere
1137 4151 1284 4213 concessit;

103 4240 201 4296 iubens
230 4241 307 4295 enim
334 4259 391 4296 una
419 4259 481 4296 cum
508 4243 603 4298 liberis
631 4245 695 4299 aliis
722 4246 851 4302 omnibus
870 4245 956 4299 etiam
975 4240 1093 4295 libertos
1112 4239 1230 4303 censeri,
1255 4238 1286 4293 in

102 4331 238 4398 quattuor
256 4327 353 4382 tribus
376 4329 500 4384 urbanas
518 4349 564 4387 eos
582 4332 737 4399 distribuit,
756 4366 787 4373 —
809 4352 908 4404 eosque
927 4329 1070 4387 adomnia
1088 4344 1161 4396 quae
1173 4328 1287 4398 publica

104 4419 195 4473 essent
213 4433 305 4488 aeque
326 4416 441 4471 admisit
460 4435 492 4472 ac
509 4422 615 4476 ceteros
633 4421 776 4494 plebeios)
