2954 5010
578 281 711 342 Edictum
728 298 882 338 censorum.
1263 287 1327 353 215

144 461 182 522 ut
205 458 369 524 redhiberi
402 458 532 537 debeat,
564 456 716 522 iudicium
747 457 912 538 dabimus,
944 481 1007 543 quo
1029 463 1201 545 utrumque
1222 461 1330 528 redhi-

146 565 292 630 beatur¹.
338 564 426 642 Quae
449 565 487 629 dc
509 565 724 629 iumentorum
747 565 885 629 sanitate
903 564 1053 646 diximus,
1076 566 1114 631 de
1129 570 1233 632 cetero
1249 589 1329 652 quo-

146 691 209 754 que
232 692 348 754 pecore
370 670 457 735 omni
479 669 660 735 venditores
682 667 852 734 faciunto².

236 777 266 841 3.
292 774 359 858 (De
373 776 485 859 scats.)
517 772 568 839 Ne
584 774 656 859 quis
671 797 792 855 canem,
809 797 931 840 verrem
946 776 996 840 vel
1010 777 1187 859 motutcm⁸,
1203 801 1327 863 aprum,
1349 776 1375 855 R·
1385 777 1404 854 33

144 881 271 964 lupum,
294 903 415 959 ursum,
438 880 641 964 pantheram,
665 880 799 961 leonem,
824 904 887 965 qua
909 881 1006 966 volgo
1028 882 1090 947 iter
1112 883 1178 963 fiet,
1201 884 1249 949 ita
1271 885 1328 950 ha-

144 987 255 1051 buisse
278 985 366 1065 velit,
389 988 427 1049 ut
448 986 598 1070 cuiquam
619 1008 733 1051 nocere
756 988 947 1053 damnumve
969 987 1045 1053 dare
1067 988 1194 1072 possit⁴.
1229 988 1256 1053 si
1273 991 1329 1054 ad-

145 1114 260 1157 versus
288 1113 325 1156 ea
348 1090 469 1155 facturn
502 1090 563 1155 erit
585 1095 617 1155 ct
639 1091 736 1156 homo
759 1092 840 1157 liber
863 1115 902 1158 ex
924 1115 962 1158 ea
984 1115 1018 1158 re
1040 1093 1189 1176 perierit,
1220 1100 1328 1161 secter-

144 1197 226 1261 tium
255 1197 463 1261 ducentorum
487 1196 612 1260 mittum
633 1195 860 1276 nummorum⁶,
888 1197 915 1266 si
930 1198 1073 1262 nocitum
1089 1199 1212 1263 homini
1227 1199 1328 1264 libero

147 1322 216 1365 esse
239 1300 373 1380 dicetur,
407 1301 520 1384 quanti
543 1301 663 1365 bonum
687 1324 823 1385 aequum
845 1301 943 1366 iudici
966 1302 1136 1383 videbitur,
1161 1304 1328 1386 (iudicium

145 1405 318 1491 dominus).
357 1410 533 1471 ceterarum
563 1430 686 1487 rerum,
719 1408 832 1491 quanti
859 1407 1010 1471 damnum
1034 1408 1144 1473 datum
1167 1409 1327 1474 factumve

146 1510 200 1591 sit,
225 1511 316 1595 dupli
338 1511 505 1595 (iudicium
527 1511 716 1597 dabimuc)⁰.

237 1616 269 1681 4.
314 1615 443 1698 Duptae
464 1616 654 1699 stipulottffl.
1346 1616 1398 1696 dli?

394 1811 424 1876 3.
458 1809 665 1875 Edictum
688 1831 913 1875 censorum
945 1833 973 1875 a.
997 1811 1071 1876 662.

228 1949 324 2025 (Suet.
353 1951 389 2009 dc
408 1950 481 2010 rtet.
511 1968 534 2010 c.
557 1950 610 2008 1⁸:
641 1949 692 2011 Gn.
718 1949 868 2008 Domitius
895 1949 1112 2011 Ahenobarbus
1139 1950 1174 2012 L.
1196 1951 1327 2010 Licinius

144 2046 272 2106 Crassus
293 2064 427 2105 censores
448 2045 491 2104 ita
512 2045 694 2125 edixerunt:)

235 2142 468 2208 Renuntiatum
501 2148 549 2209 est
579 2144 672 2209 nobis
701 2167 768 2209 esse
798 2145 962 2226 homines,
996 2146 1051 2230 qui
1080 2167 1197 2210 novum
1225 2167 1326 2231 genus

144 2249 334 2333 disciplinae
356 2249 584 2329 instituerunt,
614 2251 653 2313 ad
678 2272 757 2334 quos
779 2251 927 2315 iuventus
950 2250 984 2314 in
1005 2251 1117 2315 ludum
1139 2251 1326 2326 conveniat;

146 2378 199 2420 eos
223 2354 286 2420 sibi
308 2375 423 2419 nomen
446 2355 635 2438 imposuisse
646 2354 777 2420 Latinos
792 2356 953 2434 rhetoras3
978 2357 1024 2420 ibi
1038 2356 1183 2420 homines
1201 2356 1325 2420 adules-

145 2460 291 2526 centulos
319 2460 385 2524 dies
408 2464 493 2524 totos
516 2460 666 2526 desidere.
712 2460 849 2527 Maiores
872 2462 985 2542 nostri,
1010 2484 1090 2545 quae
1112 2461 1229 2525 liberos
1252 2482 1325 2524 suos

147 2567 268 2632 discere
290 2569 323 2630 et
347 2587 426 2649 quos
448 2566 482 2630 in
505 2567 595 2631 ludos
618 2567 699 2631 itare
722 2567 850 2646 vellent,
874 2567 1093 2632 instituerunt.
1130 2565 1217 2630 Haec
1232 2588 1325 2645 nova,

147 2694 229 2757 quae
243 2747 245 2752 ¹
261 2674 389 2754 praeter
418 2671 677 2736 consuetudinem
709 2693 745 2735 ac
773 2693 893 2737 morem
915 2673 1071 2738 maiorum
1094 2671 1194 2749 finnt,
1223 2692 1326 2754 neque

145 2777 275 2861 placent
297 2799 400 2861 neque
422 2781 508 2841 recta
534 2777 686 2844 videntur.
733 2777 934 2861 Quapropter
956 2780 989 2842 et
1014 2776 1064 2856 iis,
1095 2776 1218 2861 quiens
1234 2775 1325 2840 ludos

146 2883 278 2961 habent,
303 2882 405 2962 otiis,
429 2883 485 2967 qui
507 2905 544 2947 eo
564 2883 671 2948 venire
694 2887 895 2963 consuerunt,
919 2884 1045 2948 videtur
1069 2881 1264 2961 faciundum,
1288 2886 1325 2946 ut

150 2989 386 3054 ostenderemus
409 2991 552 3053 nostram
575 2990 776 3068 sententiam,
800 2990 892 3055 nobis
914 3011 979 3053 non
1001 2989 1134 3072 placere.

166 3165 197 3228 4.
234 3162 467 3228 Decretum
498 3164 778 3247 proconsulis
801 3163 1047 3249 Hispaniae
1069 3162 1304 3228 ulterioris

664 3291 693 3334 a.
718 3269 808 3335 565⁹.

232 3407 267 3471 L.
293 3404 443 3473 Aimilius
474 3408 510 3473 L.
534 3408 555 3472 f.
588 3409 765 3492 inpeirator
788 3409 953 3488 decreivit,
974 3406 1065 3491 lutei
1088 3405 1162 3490 quei
1184 3405 1324 3470 Hasten-

145 3514 229 3579 sium
263 3513 365 3578 servei
391 3511 396 3599 l
424 3514 458 3577 in
489 3514 571 3579 turri
601 3515 779 3580 Lascutana
801 3517 996 3595 habitarent,
1018 3513 1022 3600 l
1042 3513 1171 3577 leiberei
1203 3515 1323 3589 essent3

238 3671 265 3740 1)
284 3668 321 3723 D.
340 3672 443 3738 21,1,38
455 3687 499 3738 pr.
519 3699 553 3709 -
571 3670 599 3741 2)
617 3670 654 3724 D.
673 3675 809 3740 21,1,38,5.
829 3701 862 3711 -
881 3670 909 3740 3)
928 3669 964 3724 D.
984 3667 1152 3734 ‘minorem';
1172 3666 1324 3723 ‘moialem’

144 3761 212 3815 coni.
233 3759 300 3827 Hc,
325 3775 347 3812 a.
368 3757 585 3812 Poadctteatrit.
604 3776 634 3827 p.
654 3761 695 3812 52.
715 3791 749 3798 —
773 3760 801 3828 4)
818 3758 855 3814 D.
874 3761 1021 3826 21,1,40,1,·
1038 3759 1081 3810 42.
1119 3755 1193 3825 Quae
1209 3754 1273 3807 ibid.
1291 3758 1324 3807 41

146 3849 285 3918 loquutur,
313 3847 393 3900 umbo
409 3844 489 3899 edicti
506 3861 561 3898 noa
579 3862 632 3900 csse
646 3847 752 3914 primus
765 3847 903 3916 perspexit
920 3845 1014 3898 Brutos
1032 3843 1073 3910 (ta
1091 3843 1227 3911 prioritas
1245 3843 1324 3895 tutus

146 3934 309 3989 collectaculo
326 3933 396 4001 edd.)
415 3963 450 3972 -
468 3933 495 4001 5)
514 3931 567 3986 D.:
587 3931 678 3987 ‘solidi
697 3932 827 3988 ducenti!
845 3964 878 3973 -
899 3935 926 4001 6)
948 3931 990 4001 Of.
1011 3931 1047 3984 D.
1060 3933 1170 3998 21,1‚42‚
1189 3960 1222 3968 -
1243 3928 1269 3999 7)
1288 3929 1322 3983 E.

145 4022 176 4077 P.
195 4027 211 4088 ἕ
229 4024 290 4076 296.
314 4053 336 4059 -
362 4021 390 4085 8)
409 4021 483 4074 Idem
499 4020 582 4088 refert
600 4020 668 4074 ceu.
688 4023 777 4088 15,11,·
794 4022 828 4089 cf.
847 4037 931 4089 supra
945 4037 975 4089 p.
984 4021 1034 4073 157
1052 4017 1102 4072 SC.
1122 4034 1147 4071 a.
1165 4020 1223 4070 593.
1245 4047 1276 4055 -
1296 4014 1323 4084 9)

147 4110 174 4166 0.
187 4111 212 4165 Ι.
223 4110 258 4164 L.
277 4112 356 4176 2‚699
373 4125 400 4161 a.
418 4110 494 4161 5041.
519 4108 550 4160 E
566 4109 668 4162 lumino
687 4109 788 4162 aheneo
807 4112 844 4177 (o.
864 4111 923 4176 0,15
940 4126 984 4176 aa,
1003 4108 1020 4160 t.
1033 4110 1097 4173 0,22
1107 4106 1165 4172 ra),
1182 4105 1259 4159 hodic
1270 4104 1323 4157 Po-

145 4200 218 4254 rtaic‘s
230 4202 345 4263 sauata,
363 4201 468 4264 reperta
486 4213 512 4250 o.
521 4198 589 4249 1866
606 4197 636 4249 ia
645 4197 783 4264 Hispania
801 4196 951 4250 acaunus
970 4196 1095 4249 orientem
1112 4208 1202 4246 corsus
1220 4193 1250 4244 ta
1266 4192 1324 4244 cicc

146 4285 245 4340 Alcatd
263 4284 295 4338 dc
314 4283 556 4349 testicationem
569 4285 709 4352 probabile
728 4290 766 4338 est
779 4284 867 4352 faisse
882 4284 1030 4338 Lascutam
1047 4281 1186 4348 antiquom
1203 4281 1323 4332 aomina-

146 4380 199 4428 tum
216 4391 234 4427 a
247 4372 341 4426 Plinio
357 4373 438 4437 3‚1,15
454 4371 524 4424 tator
542 4371 641 4440 oppida
659 4370 836 4440 stapeadtorc'c
847 4371 981 4433 Baeticae.
1011 4368 1101 4423 Hosto
1115 4366 1199 4438 Recta
1219 4367 1273 4421 sito
1284 4371 1324 4420 cst
