2940 4996
587 290 706 348 Senatus
724 289 862 347 consulta

424 560 477 624 22.
512 557 577 626 Sd.
600 556 863 623 Iuncianum
898 554 1044 621 a.127.1

221 701 390 776 (Utpiuuus
410 700 430 758 t.
447 696 795 770 Vfidea'oommissorum:
816 692 941 752 Paetum
955 691 1075 764 estSO.,
1096 694 1224 753 Aemilio
1232 694 1311 755 iunet

143 799 173 856 et
192 795 272 854 Iulio
293 794 399 854 Severo
420 812 488 866 eos,
509 792 541 850 in
561 793 632 851 haee
652 791 769 869 verbat)

227 892 366 972 Placere,
390 892 452 977 [ut]
479 891 507 956 si
530 891 602 976 quis
625 912 663 955 ex
685 890 746 969 his,
771 889 826 974 qui
841 887 1118 954 fideicommissum
1141 888 1311 956 libertatem

139 1023 178 1066 ex
201 1019 401 1084 quacumque
430 1018 525 1062 eausa
547 996 698 1060 deberent
720 1017 829 1074 servo,
861 994 917 1078 qui
940 994 1054 1059 mortis
1077 997 1221 1078 tempore
1245 994 1311 1061 eius

142 1103 199 1189 qui
223 1101 360 1187 rogavit,
391 1123 457 1166 non
479 1099 604 1180 fuerit,²
628 1101 736 1165 adesse
758 1099 948 1184 negabitur:
979 1101 1109 1182 praetor
1130 1106 1302 1184 cognoseat

140 1212 173 1274 et
195 1208 223 1273 si
244 1207 279 1271 in
302 1229 339 1271 ea
361 1227 457 1272 eausa
480 1228 547 1272 esse
569 1204 747 1284 videbitur,
779 1207 835 1284 ut,
868 1203 896 1268 si
918 1225 1067 1288 praesens
1092 1207 1185 1283 esset,
1208 1227 1311 1270 manu·

144 1313 273 1377 mittere
295 1311 369 1396 cogi
391 1310 537 1377 deberet:
562 1310 594 1374 id
618 1309 666 1374 ita
688 1329 754 1373 esse
777 1308 972 1391 pronuntiet.
1019 1307 1165 1393 Cumque
1188 1308 1236 1374 ita
1250 1333 1311 1394 pro

141 1418 339 1495 nuntiasset,
371 1415 455 1480 idem
478 1415 556 1480 iuris
580 1415 658 1495 erit,
681 1414 766 1499 quod
789 1416 885 1493 esset,
909 1413 937 1478 si
959 1414 1016 1494 ita,
1039 1419 1077 1479 ut
1099 1437 1138 1480 ex
1161 1415 1311 1481 fideioom·

143 1523 240 1587 misso
262 1521 449 1586 manumitti
470 1521 641 1600 debuisset,
662 1520 876 1584 manumissus
898 1522 989 1584 esset.

413 1717 464 1780 23.
495 1712 560 1779 SC.
584 1711 889 1815 Iuventianum
912 1733 941 1776 a.
965 1709 1056 1776 129³.

239 1853 407 1928 (Ulpianus
437 1851 455 1909 l.
478 1848 545 1908 XV
565 1849 606 1907 ud
626 1849 772 1906 edietum:
792 1880 832 1889 —
852 1845 887 1904 de
917 1847 1061 1921 petitione
1089 1848 1268 1910 hereditatis
1288 1887 1311 1896 -

146 1967 213 2008 eum
234 1947 329 2006 foruna
349 1945 423 2004 scu
445 1945 485 2004 sit
505 1945 589 2014 data,
620 1944 767 2018 optimum
794 1945 825 2002 et
844 1943 939 2018 ipsius
960 1943 1029 2004 soti
1048 1945 1311 2021 interpretationes

144 2045 251 2114 faeere,
271 2043 370 2102 verbis
389 2042 454 2100 eius
474 2041 601 2120 relatist)

230 2149 336 2214 Pridie
358 2149 428 2213 idus
450 2147 585 2237 Martias
609 2145 646 2221 Q.
664 2144 766 2211 Iulius
789 2145 909 2211 Balbus
933 2150 965 2211 et
979 2145 1016 2211 P.
1032 2144 1200 2214 Iuventius
1217 2147 1311 2216 Cels!

143 2256 248 2321 Titius
281 2253 429 2318 Aufidius
461 2251 566 2317 Oenus
594 2250 783 2318 Severianus
815 2254 959 2317 eonsules
991 2254 1089 2318 verba
1119 2253 1267 2321 fecerunt
1286 2288 1306 2309 υ

141 2361 203 2441 his,
238 2383 319 2444 quae
341 2360 516 2443 imperator
539 2356 654 2423 Caesar
677 2356 807 2422 Traiani
830 2356 974 2422 Parthici
997 2357 1083 2423 filius
1106 2358 1174 2424 divi
1196 2359 1311 2426 Nerv-

139 2488 236 2551 nepos
278 2463 462 2529 Hadrianus
499 2463 667 2550 Augustus
710 2464 885 2547 imperator
916 2465 1140 2549 maximusque
1174 2469 1311 2550 princes

140 2568 322 2656 proposuit⁴
347 2569 460 2653 quinto
481 2591 582 2634 nonas
602 2567 737 2633 Martias
761 2591 842 2653 quae
864 2569 1030 2653 proximae
1044 2569 1178 2636 fuerunt
1193 2571 1311 2639 libell

143 2675 324 2759 complexus
349 2678 441 2755 esset,
466 2674 543 2759 quid
566 2673 636 2739 fieri
657 2674 798 2757 placeat;

228 2780 265 2845 de
289 2779 368 2864 qua⁸
392 2802 426 2844 re
447 2780 495 2844 ita
517 2783 724 2844 censuerunt:
756 2802 838 2861 curn,
862 2785 1034 2866 antequam
1058 2785 1166 2865 partes
1188 2783 1311 2851 cndu(

143 2907 181 2948 ex
203 2885 295 2949 bonis
318 2884 444 2951 Rustici
466 2884 543 2949 fiseo
566 2888 759 2968 peterentur,
783 2885 818 2950 hi
842 2887 898 2970 qui
921 2910 954 2952 se
976 2887 1108 2952 heredes
1129 2911 1197 2954 esse
1212 2890 1309 2955 exis

142 2989 261 3069 mant⁷,
285 2990 493 3055 hereditatem
518 2989 735 3069 distraxerint,
759 2990 899 3075 plaeere:
922 2992 1068 3056 redactae
1090 3014 1130 3057 ex
1146 2995 1248 3077 pretio
1286 3018 1311 3058 1

143 3116 215 3157 rum
238 3093 439 3158 venditarum
462 3095 614 3178 pecuniae
636 3118 747 3160 usuras
770 3118 834 3160 non
858 3119 925 3161 esse
948 3097 1140 3182 exigendas3
1175 3098 1305 3183 idemq

142 3199 176 3261 in
199 3197 359 3263 similibus
382 3200 483 3265 causis
506 3182 706 3264 servandum.¹
751 3199 855 3265 Idem⁸
878 3200 1019 3286 plaeere:
1047 3225 1067 3266 a
1091 3203 1208 3288 quibus
1230 3205 1311 3270 her«

144 3303 227 3367 ditas
252 3304 366 3389 petita
377 3304 501 3383 fuisset,
525 3303 553 3368 si
568 3304 717 3369 adversus
735 3327 788 3369 eos
804 3305 979 3370 iudicatum
994 3311 1086 3387 esset,
1109 3310 1223 3393 pretia,
1240 3330 1311 3394 qua

142 3408 182 3472 ad
204 3430 257 3473 eos
280 3431 386 3476 rerum
417 3432 455 3474 ex
482 3407 661 3474 hereditate
691 3411 893 3475 venditarum
914 3412 1153 3495 pervenissent,
1186 3414 1244 3479 etsi
1271 3434 1311 3480 eu

231 3583 257 3650 l)
275 3579 312 3634 D.
331 3583 472 3649 40‚5,28,4.
492 3613 526 3621 -
544 3582 573 3650 2)
591 3581 668 3651 isque
685 3583 736 3636 ius.
757 3582 833 3652 Dip,
852 3582 947 3637 deleod
965 3584 1022 3637 Mo.
1042 3613 1076 3623 -
1095 3585 1123 3653 3)
1143 3585 1181 3639 D.
1200 3588 1308 3654 5,3,20.6.

142 3698 177 3707 -
194 3668 222 3736 4)
241 3667 394 3722 Exordium
412 3669 604 3723 restituendum
621 3675 660 3723 est
677 3670 731 3723 itu:
750 3669 843 3723 Pridie
861 3668 923 3722 idus
942 3669 1069 3724 Martias.
1098 3672 1178 3738 Quod
1190 3673 1219 3740 Q.
1232 3671 1305 3726 lulius

45 3759 48 3765 ’
143 3755 260 3818 Balbus,
287 3755 315 3810 P.
336 3756 480 3810 Iuventius
501 3755 595 3811 Celsus
614 3755 694 3810 'litus
713 3757 839 3810 Aufidius
857 3756 980 3813 Hoenius
998 3757 1166 3816 &verianus
1183 3778 1233 3818 ooo.
1250 3758 1300 3813 ui

142 3842 176 3897 de
194 3842 237 3896 his
255 3857 326 3911 quae
344 3841 410 3911 imp.
421 3842 530 3910 Caesar,
551 3843 610 3899 divi
622 3844 738 3898 Traiani
757 3845 882 3900 Parthici
892 3846 912 3902 f.
926 3845 987 3901 divi
999 3846 1112 3904 Nervae
1126 3867 1163 3914 n,
1183 3849 1299 3904 Manus

142 3929 302 3984 Hadrianus
322 3931 465 3998 Augustus
483 3931 606 4000 optimus
626 3931 818 4002 maximusque
836 3932 964 4003 princeps
983 3935 1087 4006 p(ater]
1107 3938 1237 4008 p(atriae)
1252 3941 1298 4006 020

142 4016 286 4087 proposuit
313 4016 462 4085 Pithoeus).
500 4019 629 4074 Consules
655 4019 708 4073 duo
732 4026 810 4088 suut,
836 4038 893 4075 uou
911 4027 1054 4090 quotuor,
1082 4025 1113 4079 id
1129 4027 1201 4095 qnod
1213 4021 1299 4096 pum

142 4106 214 4160 Rud.
234 4105 295 4161 BG.
314 4109 403 4174 1,117;
430 4107 499 4161 ulter
516 4111 686 4176 πολυώνυμος
709 4115 747 4163 est
763 4111 833 4165 sieut
851 4111 928 4179 iufra
944 4113 975 4165 iu
992 4110 1043 4166 SC.
1061 4112 1128 4182 1309.
1155 4112 1195 4169 M
1212 4110 1300 4167 Nom

143 4194 288 4250 Mueebuus
306 4195 354 4263 (ef.
373 4195 440 4263 Μο.,
459 4196 571 4251 Hermes
589 4200 669 4261 3,75).
687 4227 722 4236 -
740 4199 766 4268 5)
787 4198 887 4267 oratio,
906 4199 924 4253 l.
938 4203 976 4254 22
993 4205 1018 4254 et
1029 4203 1066 4254 40
1084 4201 1109 4256 b.
1120 4207 1140 4256 t.
1157 4232 1193 4242 -
1209 4203 1235 4268 6)
1245 4210 1298 4253 sorr·

143 4297 183 4335 ea.
213 4312 242 4322 -
269 4283 295 4349 7)
315 4282 350 4336 L.
367 4285 413 4350 20,
431 4285 447 4348 §
465 4286 512 4337 12.-
538 4282 581 4337 ita
605 4286 719 4340 senatus
744 4286 854 4342 loeutus
879 4289 935 4343 eat:
964 4293 1018 4342 ‘eos
1042 4286 1091 4357 qui
1113 4319 1146 4328 —
1165 4288 1305 4345 existimo·

143 4368 221 4424 sent’.
242 4402 274 4411 -
293 4371 320 4441 8)
340 4387 407 4426 coru.
426 4370 505 4426 item.
