2954 5010
573 315 662 390 Leges
679 316 733 374 XII
751 317 923 373 tabularum.

624 565 803 634 TABULA
826 566 884 633 XI.

251 712 280 778 1.
328 709 434 779 (leuc
462 709 513 796 (dc
537 731 602 794 rep.
624 712 792 795 2‚36.37):
823 709 1031 794 (Decemviri)
1064 731 1136 775 cum
1158 707 1190 773 X
1217 707 1349 775 tabulas

160 838 285 884 summa
307 816 417 902 legum
440 815 601 901 aequitate
616 816 849 900 prudentiaque
871 814 1144 899 conscripsissent,
1166 814 1201 879 in
1224 837 1349 880 annum

160 926 326 1009 posterum
356 920 472 986 Xuiros
506 921 586 986 alios
616 922 881 1007 subrogaverunt,
904 958 949 968 —
981 921 1037 1006 qui
1068 920 1192 986 duabus
1223 921 1348 986 tabulis

160 1029 345 1114 iniquarum
367 1028 475 1113 legum
499 1026 615 1091 additis
638 1027 774 1093 conubia
795 1063 841 1074 -
863 1030 962 1092 utne
984 1025 1072 1111 plebi
1092 1046 1165 1090 oum
1195 1026 1347 1110 patribus

164 1137 280 1215 essent,
302 1132 571 1198 inhumanissima
593 1133 664 1218 lege
686 1136 870 1198 sanxerunt.

247 1241 278 1304 2.
323 1238 510 1304 Macrobius
532 1236 603 1322 (sut.
628 1238 793 1322 1‚13,21).·
816 1237 995 1303 Tuditanus
1017 1235 1126 1316 refert,
1150 1273 1192 1283 —
1212 1233 1344 1318 Xuiros,

159 1344 216 1428 qui
238 1343 358 1409 tabulis
379 1344 459 1410 duas
482 1343 684 1424 addiderunt,
717 1343 756 1408 de
778 1343 995 1408 intercalando
1022 1342 1178 1427 populum
1199 1364 1344 1430 rogasse.

159 1448 286 1516 Cassius
307 1450 434 1516 eosdem
456 1449 569 1516 scribit
590 1453 746 1515 auctores.

250 1556 280 1621 3.
328 1553 390 1622 Oc'c.
414 1555 470 1640 (cd
491 1553 556 1621 Ac.
582 1554 693 1639 6‚1‚8):
723 1553 751 1619 E
776 1553 891 1640 quibus
920 1555 1025 1640 (libris
1055 1556 1094 1622 de
1124 1555 1205 1641 rep.)
1238 1576 1342 1621 unum

157 1658 314 1743 ἱστορικὸν
336 1660 472 1746 requiris
494 1661 534 1726 de
556 1657 613 1726 (lu.
637 1659 749 1726 Flavio
765 1658 853 1724 Anni
875 1660 900 1726 f.
945 1660 1005 1726 Ille
1026 1683 1102 1727 vero
1124 1664 1200 1726 ante
1222 1659 1343 1726 Xuiros

158 1787 223 1831 non
245 1765 318 1832 fuit.
341 1803 385 1814 —
408 1766 491 1844 Quid
514 1787 591 1853 ergo
613 1765 759 1851 proiecit,
789 1767 874 1851 quod
896 1766 1033 1852 protulit
1053 1766 1179 1832 fastos?
1225 1763 1344 1831 Occul-

155 1875 260 1938 tatam
281 1875 400 1958 putant
422 1873 560 1959 quodam
581 1876 726 1959 tempore
747 1872 844 1938 istam
866 1871 1029 1954 tabulam,
1058 1874 1097 1936 ut
1131 1870 1197 1937 dics
1221 1868 1342 1957 agendi

156 1981 340 2062 peterentur
362 2001 382 2044 a
403 1979 523 2064 paucis.

230 2143 277 2192 XI.
297 2145 320 2191 1.
350 2143 387 2190 cf.
404 2135 491 2190 Diou.
511 2134 627 2206 (10‚60).·
654 2139 680 2189 οἱ
698 2137 728 2190 bt
746 2138 805 2204 περὶ
821 2137 866 2189 τὸν
883 2134 999 2188 Ἄππιον
1015 2135 1077 2199 τοὺς
1095 2135 1205 2200 λοιποὺς
1223 2136 1341 2204 συγγρά-

158 2226 256 2294 ψαντες
273 2227 369 2293 νόμους
387 2228 415 2278 ἐν
433 2224 536 2289 δέλτοις
555 2226 611 2277 δυσὶ
627 2227 675 2277 καὶ
692 2224 790 2289 ruitur
807 2230 865 2289 ταῖς
884 2226 1009 2292 πρότερον
1028 2225 1224 2291 ἑξενεχθείοοιις
1242 2226 1340 2291 προσέ-

155 2316 262 2383 θηκαν·
288 2318 317 2367 ἐν
335 2311 379 2379 αἷς
399 2316 447 2366 uui
465 2316 512 2366 ὅδε
530 2316 546 2366 ὁ
563 2316 643 2382 νόμος
660 2309 702 2382 ἦν,
721 2313 758 2381 μὴ
776 2314 873 2378 ἐξεῖναι
891 2319 947 2377 τοῖς
964 2314 1111 2379 πατρικίοις
1128 2312 1195 2376 πρὸς
1212 2313 1274 2376 τοὺς
1294 2313 1341 2380 δη·

154 2403 282 2470 μοτιιιοὺς
305 2404 446 2471 ἐπιγαμίας
470 2403 589 2469 συνάψαι.
627 2399 688 2456 Isiu
717 2402 799 2473 (4,4):
825 2410 877 2456 Hae
907 2409 999 2472 ipsum,
1028 2421 1059 2454 ne
1077 2408 1206 2456 conubium
1224 2407 1338 2470 patribus

153 2511 209 2545 oum
231 2497 303 2560 plebe
327 2501 406 2554 eeeet,
434 2510 482 2544 nou
505 2496 575 2544 Xuiri
598 2498 707 2544 tulerunt
733 2497 817 2558 paucis
841 2496 880 2542 bis
899 2496 968 2544 annie
987 2498 1091 2559 pessimo
1109 2498 1221 2559 exemplo
1239 2494 1339 2558 publico

152 2599 208 2633 oum
233 2598 327 2632 eamme
351 2585 440 2632 iniuria
462 2584 559 2647 plebiei
596 2575 659 2632 Gai.
687 2577 705 2633 l.
729 2577 772 2634 Vl
787 2578 825 2632 ad
842 2577 912 2632 XII
932 2576 982 2649 (D.
1000 2575 1167 2648 50‚16,238).·
1194 2583 1269 2632 Plebs
1299 2588 1339 2632 eet

152 2674 229 2722 ceteri
246 2675 310 2722 eires
330 2673 382 2721 siue
400 2673 562 2721 senatoribus.

224 2763 247 2807 2.
284 2753 422 2809 Macrobii
446 2753 534 2809 lecum
560 2770 578 2808 u
596 2752 676 2810 Getta
693 2760 720 2809 et
736 2752 818 2809 Dirlu
837 2754 962 2810 ueuuuru
978 2752 1126 2808 utude'cuce't
1143 2752 1207 2807 huic
1224 2752 1336 2808 tabulae

152 2839 210 2898 Mo.
231 2840 447 2910 Otrou.31,210,·
465 2839 666 2910 0.1.L.1,361.
696 2841 737 2912 Of.
758 2841 822 2913 Lep.
842 2842 920 2899 Itouu
939 2845 963 2896 6.
988 2841 1077 2897 Maur.
1091 2841 1335 2912 (cut.1,13,12.15):

152 2937 254 2983 alternis
278 2936 348 2983 annis
371 2936 441 2984 binos
460 2939 486 2984 et
504 2937 614 2995 vicenos,
643 2937 744 2984 alternis
763 2941 844 2984 ternos
862 2937 1006 2998 vicenoeque
1024 2936 1204 2984 intercalabant
1224 2960 1257 2969 —
1277 2939 1335 2999 poet

153 3024 293 3071 vicesimum
319 3026 345 3071 et
363 3025 462 3071 tertium
486 3024 551 3072 diem
575 3025 628 3072 eius
652 3019 803 3087 (Februarii)
823 3024 1017 3083 intercalabant,
1044 3021 1221 3073 Terminalibus
1240 3025 1334 3072 scillcet

150 3112 201 3159 iam
219 3112 337 3174 peractis,
367 3113 455 3159 deinde
473 3113 578 3175 reliquos
597 3111 724 3160 Februarii
742 3113 830 3159 meneie
849 3113 913 3171 dies,
932 3114 1062 3176 quierant
1080 3113 1110 3170 V,
1129 3116 1184 3175 poet
1202 3112 1334 3158 intercale-

150 3201 241 3247 tionem
266 3198 456 3259 subiungebent.
494 3192 567 3248 Oetes.
598 3191 633 3263 (d.
653 3191 678 3247 d.
697 3197 753 3248 uui.
771 3193 862 3264 20‚6):
889 3215 943 3248 cum
970 3201 1151 3248 intercalarium
1169 3213 1280 3247 mensem
1300 3200 1331 3246 22

150 3293 177 3335 et
195 3289 227 3334 23
258 3288 351 3335 dierum
376 3288 477 3335 altemie
503 3287 572 3335 annis
598 3287 655 3334 addi
673 3289 814 3350 placuisset,
833 3312 866 3321 -
884 3289 910 3336 in
928 3303 1010 3336 meuse
1029 3289 1180 3351 potissimum
1197 3285 1332 3335 Februario

152 3377 216 3423 inter
233 3376 381 3423 Terminalia
407 3379 433 3423 et
451 3375 608 3435 Regifugium
632 3376 805 3423 intercalatum
824 3381 870 3424 est.
909 3369 999 3424 Celsus
1016 3369 1069 3439 ἆορ.
1089 3366 1137 3438 (D.
1157 3369 1330 3439 50,16,98,1):

151 3463 212 3511 (leto
232 3466 318 3526 putat,
343 3477 450 3510 mensem
472 3464 644 3510 intercalarem
671 3464 813 3512 addititiam
831 3479 898 3525 esse;
926 3479 1057 3528 omnesque
1075 3465 1129 3513 ciue
1147 3465 1198 3510 dies
1217 3478 1261 3526 pro
1280 3478 1330 3511 mo·

149 3557 230 3600 mento
258 3553 372 3614 temporie
397 3551 511 3599 observat
538 3556 694 3615 extremoque
718 3552 767 3600 diei
792 3553 881 3600 mensis
900 3553 1027 3600 Februarii
1045 3551 1160 3599 attribuit
1178 3551 1206 3605 Q.
1226 3552 1329 3600 Mucius.

151 3631 194 3702 Os.
213 3632 370 3701 Mutuesca,
391 3631 516 3688 Oltrouct.
534 3633 646 3687 18—40.
683 3632 818 3702 Husctte,
836 3637 901 3688 reiut.
919 3633 996 3689 scau.
1014 3634 1152 3701 1,54-60.

220 3731 245 3778 3.
280 3721 328 3776 Eu
345 3721 395 3776 boc
414 3720 548 3776 Oiccrouu'e
565 3721 623 3775 Ioco
641 3720 727 3791 effecit
745 3721 803 3775 Mo.
824 3721 933 3792 (Obrou.
950 3724 1061 3790 31,210;
1089 3720 1116 3777 0.
1138 3719 1162 3774 I.
1180 3719 1242 3790 361)
1260 3720 1329 3791 repre

148 3810 256 3866 Numae
273 3809 394 3866 tabularu
407 3809 553 3880 fastorum,
572 3826 605 3864 eu
620 3809 802 3879 penetralibus
814 3809 975 3879 pontificum
987 3809 1128 3879 prolatum
1147 3807 1216 3861 XII
1230 3807 1329 3862 tubulis

146 3899 275 3953 iuratum
292 3913 353 3953 esse.
381 3896 468 3967 Quum
478 3899 636 3952 senteutiam
646 3903 751 3953 secutus
763 3897 824 3953 Scia
837 3898 951 3969 (63.156)
963 3913 1019 3953 uou
1031 3897 1164 3951 dubitauit
1175 3896 1327 3951 uuiversum

147 3986 201 4042 tub.
216 3986 267 4039 XI
275 3985 361 4055 fustis
379 3987 490 4055 cupiere,
506 3992 591 4055 prout
607 4003 640 4041 eu
659 3988 777 4042 Iuituuc's
794 3987 902 4041 restitui
914 3991 1037 4055 posceret.
1065 3984 1102 4038 Id
1112 3984 1185 4054 quod
1195 3984 1268 4040 iusto
1279 4000 1325 4037 uu·

146 4073 240 4128 uuus
251 4074 349 4143 secuse
366 4074 434 4128 mebi
449 4074 562 4142 tudetem
580 4091 640 4129 cum
652 4074 743 4144 fastos
761 4090 816 4142 qua
828 4073 935 4127 rutiouc
947 4070 1031 4126 Xuiei
1039 4071 1243 4141 peuscmpsere‘ut
1255 4075 1325 4125 certa

145 4162 250 4216 uutioue
264 4162 392 4217 coustitue'
408 4177 463 4216 uou
477 4163 571 4232 possit.
599 4162 641 4232 Os.
654 4162 711 4216 Hu.
730 4161 877 4216 secuere.
904 4159 1090 4214 Nebuicmiuus
1096 4158 1189 4228 suctos
1202 4159 1325 4213 Iulianos

147 4245 214 4299 XII
224 4247 323 4303 tabulis
340 4247 457 4302 subterra
471 4249 586 4317 placuit.
607 4280 640 4289 -
660 4248 702 4317 Of.
720 4247 773 4303 Cic.
793 4249 831 4319 (p.
842 4245 985 4317 Mur.11):
1003 4255 1090 4302 Posset
1108 4256 1149 4315 agi
1167 4258 1224 4314 lege
1242 4267 1323 4308 neone,

146 4341 217 4402 pauci
236 4344 357 4404 quondam
369 4342 492 4402 sciebant,
511 4345 588 4390 fastos
606 4343 670 4389 enim
685 4344 759 4401 vulgo
769 4357 817 4389 non
829 4342 964 4390 habebant.
983 4344 1060 4391 Erant
1072 4343 1099 4390 in
1111 4355 1202 4402 magne
1214 4341 1323 4406 potentie

145 4429 188 4501 qui
205 4429 401 4491 consulebantur,
420 4445 436 4478 a
453 4431 540 4496 quibus
559 4432 635 4480 etiam
654 4431 705 4479 dice
724 4433 850 4496 tamquam
869 4444 884 4478 a
904 4430 1034 4480 chaldaeis
1053 4431 1209 4496 petebantur.
1239 4430 1323 4479 Inven-
