2954 5010
157 291 219 356 192
604 287 704 344 lldicte
722 290 895 358 preetornm.

154 480 236 545 suos,
268 467 318 529 uti
340 466 440 530 motis
462 469 521 545 est,
551 484 616 529 non
639 465 793 530 eluxerit:
828 487 945 550 quaeve
965 486 1037 531 cum
1061 465 1098 530 in
1120 466 1262 552 parentis
1280 467 1319 532 sui
1362 460 1364 521 ἶ

154 574 313 654 potestate
335 592 399 634 non
423 574 515 650 esset,
539 573 610 635 viro
632 575 770 650 mortu0,
793 593 954 636 cumeum
969 575 1135 636 mortuum
1150 594 1219 637 esse
1233 572 1319 652 sciret,
1362 554 1364 563 ¹

153 674 241 739 intra
263 675 296 740 id
320 679 458 759 tempus,
482 697 546 760 quo
569 676 698 761 elugere
720 676 825 740 virum
847 677 946 743 moris
968 681 1027 757 est,
1049 677 1214 760 nupserit¹

242 780 272 844 2.
313 780 376 862 Qui
395 800 436 845 me
458 781 572 846 deutur
594 779 790 864 comiitoms.2

242 887 272 949 3.
310 882 521 968 Oomm'tomm³
546 888 587 951 ad
603 888 693 951 litem
709 888 943 972 suscipiendam
959 888 1080 968 dutum,
1104 909 1165 973 pro
1180 908 1245 973 quo
1261 909 1322 952 con·

154 990 310 1056 sentiente
340 991 487 1056 dominus
519 992 694 1057 iudicatum
717 992 798 1057 solvi
822 993 986 1077 exposuit,
1018 992 1174 1057 iudicium
1196 992 1321 1077 accipere

155 1095 294 1182 cognm‘.

241 1203 272 1266 4.
307 1201 347 1267 m·
373 1202 429 1287 qui
444 1203 637 1288 cognitorem
659 1203 799 1287 (dederit,
822 1222 920 1269 cuma
935 1204 1058 1287 coquito
1067 1203 1254 1285 permittam
1267 1223 1323 1268 mm

155 1307 301 1372 mbilicum
322 1307 370 1372 oei
390 1307 555 1392 muto)re⁶.

241 1416 272 1478 5.
307 1413 422 1478 Alieno
455 1414 594 1493 nomine,
625 1414 704 1478 item
732 1434 788 1497 pm
809 1411 896 1500 ¹ulios
920 1413 1036 1498 agendi
1057 1417 1253 1498 potestatem
1271 1433 1323 1476 non

153 1519 270 1583 facium
292 1518 326 1582 in
350 1519 400 1582 his
424 1519 538 1599 causis,
560 1519 728 1604 inquibus
750 1541 791 1584 ne
816 1519 893 1583 dent
907 1519 1107 1604 cognitorem
1130 1519 1323 1584 nevedeutnr

154 1626 292 1690 edictum
314 1625 584 1708 comprehendit.⁸

243 1731 273 1793 6.
310 1730 431 1811 Quibus
452 1729 649 1812 municipum
670 1731 797 1796 nomime
818 1750 909 1813 opere
931 1727 1048 1795 liccat.l

242 1835 271 1899 7.
304 1833 405 1899 Cuius
428 1835 557 1901 nomine
580 1835 652 1920 quis
669 1837 826 1901 actionem
846 1835 915 1899 duri
931 1834 993 1900 sibi
1009 1833 1200 1919 postulabit,
1223 1833 1324 1900 iseum

154 1939 215 2004 viri
246 1939 324 2004 boni
354 1940 514 2006 arbitratu
545 1941 711 2006 defendat:
744 1944 778 2006 et
808 1941 837 2006 ei
866 1961 998 2023 quocum
1020 1945 1089 2023 αφά
1123 1961 1189 2024 quo
1211 1939 1325 2005 nomine

155 2048 230 2130 aget
251 2044 285 2108 id
307 2048 413 2110 rutum
435 2046 553 2112 hebere
575 2069 664 2129 eum,
687 2047 728 2112 ad
750 2069 845 2132 quem
868 2069 906 2112 eu
929 2068 979 2112 res
1001 2044 1154 2130 pertinet,
1177 2045 1254 2110 boni
1274 2043 1325 2110 viri

155 2148 314 2213 arbitratu
335 2150 497 2216 sutisdet⁸.

243 2256 272 2323 8.
313 2255 404 2336 Quod
425 2257 575 2321 adversus
597 2258 771 2338 municipes
789 2257 932 2340 >opetum⁹

241 2363 271 2426 9.
310 2361 401 2438 Quod
423 2361 649 2447 cuiuscumque
671 2361 891 2428 universitatis
912 2361 1042 2427 nomine
1064 2360 1117 2426 vel
1139 2365 1253 2426 eontra
1266 2381 1323 2425 een

155 2467 315 2552 agaturw.

243 2572 293 2639 10.
330 2571 365 2638 Si
387 2573 459 2657 quis
480 2575 611 2659 negotiu
633 2574 765 2639 alterius
788 2575 855 2640 sive
879 2575 950 2659 quis
967 2574 1110 2660 negotis,
1134 2595 1218 2657 quae
1232 2571 1324 2638 cuius·

154 2699 215 2762 que
230 2700 303 2742 cum
325 2678 353 2742 is
369 2679 505 2743 moritur
519 2679 650 2760 fuerint,
674 2680 819 2766 gesserit,
841 2679 995 2745 iudicium
1010 2699 1046 2744 eo
1062 2679 1193 2760 nomine
1207 2671 1323 2742 debon.

88 2789 135 2864 3,33
243 2782 300 2848 De
322 2783 723 2851 calumniatoribus.
756 2784 798 2850 In·
817 2807 890 2850 eum
906 2785 972 2869 qui,
994 2788 1032 2849 ut
1046 2784 1227 2849 calumniae
1241 2801 1324 2847 consa

153 2888 319 2972 negotium
348 2887 466 2953 faceret
499 2890 549 2954 vel
572 2912 637 2954 nou
659 2890 797 2971 faceret,
830 2891 998 2975 pecuniam
1023 2889 1181 2974 accepisse
1204 2887 1323 2963 dicem,

153 2992 240 3056 intra
271 3015 390 3057 annum
420 2994 454 3057 in
478 2993 693 3078 quadruplum
716 2995 783 3058 eius
806 2995 958 3079 pecuniae
981 3015 1079 3078 quam
1103 2993 1260 3078 accepisse
1279 2990 1319 3055 di-

153 3101 252 3178 cetur,
273 3101 348 3183 post
371 3118 490 3163 annum
512 3099 619 3183 simpli
643 3100 812 3181 (iudicium
834 3097 976 3185 emme

52 3206 141 3284 3¹1¹}
240 3202 1022 3290 Deinintegrumrestitutionibusffl.
1059 3204 1088 3267 1.
1113 3201 1206 3279 Quod
1224 3205 1314 3266 metus

153 3330 248 3373 causa
270 3312 396 3394 gestum
418 3311 488 3384 erit,
513 3313 620 3374 retum
641 3331 706 3374 non
728 3308 888 3374 habebo¹⁴
905 3359 913 3373 .
930 3359 937 3374 .
955 3359 987 3374 ..

242 3416 271 3478 2.
305 3414 393 3492 Quae
422 3415 496 3479 ‹lolo
524 3415 609 3479 mulo
639 3414 725 3479 facta
755 3437 822 3480 esse
853 3415 1014 3492 dicentur,
1048 3412 1076 3476 si
1098 3413 1138 3477 de
1159 3412 1211 3476 his
1233 3411 1315 3475 rebus

153 3521 216 3584 alia
239 3522 321 3585 actio
352 3545 416 3587 non
438 3523 500 3587 erit
522 3527 554 3587 et
576 3522 662 3585 iuste
684 3543 779 3585 causa
802 3542 869 3584 esse
891 3517 1069 3598 videbitur,
1100 3520 1189 3582 iutra
1210 3533 1317 3580 acuum

152 3625 304 3691 iudicium
328 3624 454 3692 dubo²⁶.

243 3854 267 3920 1)
286 3853 335 3911 Fr.
360 3852 418 3908 Vct.
437 3854 499 3906 320.
536 3849 615 3920 de
626 3850 809 3920 framentum
836 3849 874 3904 ad
890 3848 1000 3904 titulum
1027 3848 1060 3904 de
1077 3849 1314 3919 omnicoetum

152 3945 237 3998 timere
253 3942 345 3996 docuit
363 3940 503 4007 Karima,
525 3937 612 3993 ΖΒΘ.
631 3942 656 4006 9,
671 3956 700 4008 p.
720 3942 776 3992 220
792 3955 830 4007 sq.
868 3936 910 4006 Of.
931 3936 969 3990 D.
990 3940 1168 4005 3‚2,15.17.19.
1191 3969 1219 3978 -
1238 3931 1313 4006 Μ.

152 4029 201 4084 m.
226 4028 285 4084 Vat.
304 4031 365 4083 322.
396 4057 428 4068 —
452 4029 481 4096 3)
499 4026 565 4097 Do.
586 4029 625 4095 (m.
643 4030 672 4090 4)
692 4027 908 4096 procuratorem.
947 4023 988 4092 Of.
1009 4024 1073 4078 Gai.
1090 4028 1175 4092 4,101.
1194 4054 1227 4064 -
1243 4024 1269 4092 4)
1283 4018 1312 4074 ll.

151 4119 256 4184 3,3‚8‚3.
274 4145 311 4155 -
328 4116 356 4187 5)
375 4116 426 4171 Fr.
450 4115 509 4171 Vct.
528 4119 586 4171 341.
605 4143 640 4154 -
657 4113 686 4184 6)
704 4112 754 4168 Fr.
779 4113 838 4168 Vct.
857 4116 919 4167 322.
941 4142 972 4151 —
992 4115 1020 4180 7)
1039 4111 1077 4167 D.
1096 4115 1184 4180 3‚4,3;
1202 4111 1235 4179 cs.
1252 4112 1267 4164 7
1277 4122 1311 4177 pr.

152 4234 185 4243 -
204 4203 232 4274 8)
250 4203 288 4258 1).
307 4207 429 4271 3,3,33,3.
449 4234 482 4243 -
500 4204 527 4271 9)
547 4201 585 4255 D.
604 4203 675 4269 3,4,7
690 4217 733 4270 pr.
752 4229 782 4241 -
802 4200 846 4271 ιο)
865 4200 952 4255 uum.
972 4199 1010 4253 D.
1023 4202 1076 4266 3‚4.
1095 4230 1130 4239 -
1150 4199 1192 4270 11)
1211 4198 1246 4253 1).
1257 4195 1311 4261 ml

149 4307 192 4360 pr.
212 4322 246 4331 -
266 4292 310 4361 12)
327 4291 364 4344 D.
381 4293 450 4359 ecs
464 4307 507 4360 pr.
543 4290 588 4344 ne
605 4291 698 4345 omre
716 4290 797 4344 scm
815 4289 890 4344 mm
907 4289 1001 4343 eume
1019 4287 1053 4355 cf.
1072 4288 1108 4345 u.
1128 4289 1158 4345 Ρ.
1176 4299 1203 4358 p.
1219 4289 1253 4341 sn
1266 4298 1309 4354 m

152 4408 187 4418 -
207 4380 250 4447 13)
268 4379 353 4435 Reor.
373 4379 412 4433 D.
429 4382 480 4448 m.
497 4409 532 4418 -
552 4379 596 4448 14)
617 4377 655 4431 1).
673 4380 751 4446 suu.
771 4407 802 4416 —
824 4375 867 4446 15)
886 4375 923 4430 D.
941 4379 1042 4445 4,3,1‚1.
