2954 5010
563 308 653 381 Leges
671 311 774 382 regiae.
1252 315 1273 383 5

94 489 369 577 aeramentorum
393 489 432 574 δὴ
454 493 554 553 ταῦτα
577 485 712 574 διέκρινε
735 493 858 567 τὰς-
881 489 1033 574 ἐξουσίας,
1057 493 1094 568 ἃς
1118 491 1273 569 ἑκάστους

95 593 241 682 ἐβούλετο
266 597 359 680 ἐχειν.

177 699 310 766 Βασιλεῖ
341 702 397 786 μὲν
429 700 483 765 ούν
506 699 639 786 ἐξῄρητο
661 698 738 763 τάδε
760 699 800 761 τά
822 695 918 782 γέρα·
952 699 1156 782 πρῶτονμὲν
1181 697 1272 781 ἱερῶν

94 808 146 873 καὶ
177 806 298 871 θυσιῶν
328 805 496 891 ἡγεμονίαν
529 805 628 889 ἐχειν,
651 842 695 850 -
718 803 826 867 ἔπειτα
857 801 961 886 νύμων
992 823 1027 866 τε
1056 805 1111 878 καὶ
1134 802 1272 885 πατρίων

96 913 233 999 ἐθισμῶν
265 912 412 998 φυλακην
440 912 616 994 ποιεῖσθαι,
647 945 692 958 --
714 918 775 974 τῶν
798 929 833 971 τε
855 906 1058 994 ἀδικημάτων
1081 911 1120 971 τά
1143 908 1274 992 μέγιστα

97 1020 150 1104 μέν
181 1020 277 1082 αύτδν
309 1017 465 1101 δικάζειν,
497 1019 537 1080 τά
559 1015 587 1080 δ’
608 1015 759 1080 ἐλάττονα
790 1023 863 1089 τοῖς·
879 1014 1060 1101 βουλευταῖς
1088 1013 1272 1099 ἐπιτρέπειν,

96 1162 132 1172 -
159 1123 277 1211 βουλήν
294 1128 342 1187 ’τε
364 1123 508 1208 συνάγειν
537 1125 593 1188 καὶ
616 1122 714 1209 δῆμον
738 1120 926 1206 συγκαλεῖν,
959 1121 1014 1182 καὶ
1038 1157 1078 1167 -
1103 1119 1273 1205 ἡγεμονίαν

98 1230 178 1315 ἐχειν
202 1228 424 1313 αὐτοκράτορα
448 1229 481 1293 ἐν
503 1227 643 1314 πολέμῳ.

183 1333 239 1421 Τῷ
262 1335 297 1398 δέ
320 1334 470 1420 συνεδρίῳ
494 1344 549 1420 τῆς
573 1334 689 1421 βουλῆς
711 1372 755 1381 -—
778 1333 960 1398 δυναστείαν
976 1332 1117 1420 ἀνέθηκε
1132 1320 1272 1398 τοιάνδε·

97 1442 166 1525 περὶ
188 1444 305 1516 παντὸς
328 1442 402 1504 ύτου
426 1442 463 1504 ἂν
487 1440 648 1526 εἰσηγῆται
670 1439 816 1527 βασιλεὺς
839 1439 1055 1525 διαγινώσκειν
1078 1460 1112 1504 τε
1135 1441 1190 1504 καὶ
1214 1438 1272 1525 ψη-

98 1566 154 1631 φον
179 1546 335 1638 ἐπιφέρειν
356 1584 409 1610 -.

182 1651 237 1738 Τῷ
261 1652 296 1716 δέ
320 1652 479 1738 δημοτικῷ
502 1650 620 1736 πλήθει
642 1651 714 1737 τρία
735 1659 834 1717 ταῦτα
857 1651 1044 1737 ἐπέτρεψεν·
1068 1649 1271 1735 ἀρχαιρεσιά-

96 1756 157 1836 ζειν
179 1778 216 1821 τε
238 1758 293 1822 καὶ
315 1757 429 1841 νόμους
454 1757 621 1840 ἐπικυροῦν
644 1758 699 1821 καὶ
721 1759 792 1841 περὶ
808 1756 948 1841 πολέμου
964 1756 1179 1841 διαγινώσκειν
1196 1757 1271 1819 δταν

97 1862 112 1926 ὁ
135 1861 283 1950 βασιλεὺς
306 1861 367 1946 ἐφῇ
388 1899 442 1925 -.
476 1861 569 1946 ἔφερε
591 1861 626 1926 δέ
647 1865 703 1946 τὴν
727 1861 831 1946 ψῆφον
865 1863 925 1947 ούχ
948 1864 1014 1948 ἅμα
1036 1871 1097 1937 πᾶς
1121 1860 1138 1923 δ
1162 1861 1270 1946 δῆμος,

96 1967 177 2033 ἀλλὰ
200 1970 284 2032 κατὰ
306 1969 362 2042 τὰς
385 1966 526 2051 φράτρας
550 1967 817 2053 συγκαλούμενος.

180 2073 213 2138 4.
246 2072 343 2138 Dua
367 2070 565 2158 (2‚21.22):¹
594 2071 724 2148 πολλοῖς
748 2072 887 2157 σάμασιν
910 2071 1060 2138 ἀπέδωκε
1083 2071 1272 2157 θεραπεύειν

96 2183 128 2246 τδ
152 2180 321 2265 δαιμόνιον.
344 2215 389 2225 -
412 2175 445 2255 ἐξ
465 2177 601 2264 ἑκάστης
621 2179 762 2264 φράτρας
779 2179 1007 2265 ἐνομοθέτησεν
1024 2178 1273 2244 ἀποδείκνυσθαι

98 2286 151 2351 δύο
174 2288 248 2360 τοὺς
270 2284 348 2368 ὑπὲρ
371 2281 567 2368 πεντήκοντα
589 2283 643 2370 έτη
667 2283 848 2369 γεγονύτας,
870 2285 1066 2360 -τούτους
1090 2285 1125 2349 δέ
1149 2285 1208 2347 οὐκ
1227 2283 1271 2359 εἰς

97 2390 264 2477 ὡρισμένον
287 2392 355 2453 τινά
377 2389 491 2474 χρόνον
520 2391 576 2464 τὰς
599 2392 689 2473 τιμὰς
712 2388 819 2468 ἔταξεν
842 2391 939 2475 ἐχειν,
973 2389 1057 2455 ἀλλὰ
1080 2390 1132 2454 διά
1153 2390 1272 2464 παντὸς

95 2506 147 2561 τοῦ
170 2497 259 2584 βίου,
293 2503 462 2577 στρατειῶν
485 2495 541 2577 μὲν
564 2492 817 2578 ἀπολελυμένους
842 2495 893 2559 διά
915 2499 970 2580 τὴν
992 2494 1128 2580 ἡλικίαν,
1151 2504 1213 2559 τῶν
1236 2494 1272 2557 δὲ

98 2606 177 2668 κατὰ
209 2605 266 2688 τὴν
299 2599 389 2665 πύλιν
422 2599 568 2684 ὀχληρῶν
600 2599 651 2663 διά
684 2603 737 2663 τδν
766 2600 870 2685 νόμον.
900 2638 945 2648 -
966 2603 1106 2676 ἅπαντας
1141 2601 1175 2664 δέ
1198 2602 1270 2675 τοὺς

100 2707 253 2792 ἱερεῖς-
277 2705 505 2792 ἐνομοθέτησεν
529 2706 778 2771 ἀποδείκνυσθαι
801 2709 857 2792 μὲν
880 2708 940 2772 ὑπὸ
955 2719 1017 2773 τῶν
1033 2716 1189 2793 φρατρῶν,
1206 2707 1270 2771 ἐπι-

97 2814 269 2899 κυροῦσθαι
293 2813 328 2877 δὲ
351 2812 411 2876 see
435 2822 496 2878 τῶν
521 2812 735 2898 ἐξηγουμένων
758 2816 797 2878 τὰ
819 2815 894 2878 θεῖα
916 2815 968 2879 διά
991 2821 1151 2899 μαντικῆς.

180 2920 211 2984 5.
246 2918 431 2984 Macrobius
453 2917 715 3003 (sot.1,12,38):²
748 2919 835 2985 Haeo
866 2920 931 2985 fuit
963 2918 1142 2985 aRomulo
1165 2941 1271 2983 annua

97 3027 240 3093 ordinata
271 3024 442 3106 dimensio,
477 3025 532 3110 qui
560 3047 746 3089 —annum
776 3024 807 3090 X
837 3027 1011 3106 mensium,
1042 3025 1165 3090 dierum
1196 3047 1270 3090 vero

99 3183 196 3239 haeoee
216 3180 351 3236 attribuit
367 3181 446 3236 iura:
465 3179 588 3251 primum
606 3183 639 3238 ut
654 3198 796 3238 sacrorum
809 3184 838 3238 et
850 3181 1180 3248 sacrificiorumfhaberet
1193 3180 1270 3250 prin-

100 3271 231 3343 cipatum,
251 3272 312 3324 tum
332 3270 365 3325 ut
382 3270 478 3340 legum
490 3288 656 3340 morumque
667 3270 825 3340 patriorum
843 3273 915 3326 esset
928 3272 1026 3334 custos,
1047 3269 1080 3323 de
1093 3263 1270 3338 gravioribus

98 3359 203 3414 delictis
228 3358 288 3429 ipse
312 3360 501 3428 cognosceret,
529 3358 636 3414 leviore
660 3359 836 3415 senatoribus
861 3359 1065 3422 committeret,
1092 3360 1222 3412 senatum
1240 3360 1269 3412 et

97 3448 230 3518 populum
256 3447 424 3502 convocaret
450 3447 479 3500 et
504 3444 628 3501 inbelle
654 3464 794 3500 summum
818 3447 936 3502 haberet
953 3445 1111 3516 imperium.
1148 3444 1269 3519 Consilio

97 3536 206 3591 senatus
235 3534 310 3588 hano
333 3534 503 3603 potestatem
529 3532 622 3598 dedit,
652 3535 684 3588 ut
701 3534 872 3590 deliberaret
895 3537 924 3589 et
943 3533 1110 3603 suffragium
1130 3533 1216 3588 ferret
1235 3531 1270 3585 de

100 3622 227 3692 qnalibet
245 3638 283 3686 re,
303 3638 388 3690 quam
406 3639 455 3677 rex
473 3621 510 3676 ad
529 3638 593 3677 eum
611 3621 762 3677 retulisset.
798 3623 905 3692 Populo
924 3640 990 3678 vero
1008 3622 1078 3676 haee
1089 3620 1146 3676 tria
1161 3637 1269 3677 conoes-

96 3709 144 3775 sit,
167 3709 357 3780 magistratus
387 3727 481 3766 creare
507 3713 535 3766 et
562 3711 638 3780 leges
657 3711 767 3766 sancire
784 3714 813 3767 et
831 3712 866 3767 de
884 3712 958 3768 bello
977 3713 1130 3775 decernere,
1156 3708 1269 3779 quando

96 3815 141 3853 rex
169 3799 348 3869 rogationem
375 3800 411 3854 ad
436 3816 499 3855 eum
524 3799 643 3855 tulisset.
680 3799 824 3869 Suffragia
848 3801 944 3855 autem
968 3798 1078 3854 ferebat
1103 3815 1159 3853 non
1185 3797 1269 3851 simul

96 3888 171 3942 totus
190 3888 319 3956 populus,
339 3887 386 3942 sed
406 3887 536 3942 curiatim
556 3889 746 3958 convocatus.)

163 3976 190 4045 1)
207 3974 316 4044 (Multis
334 3976 457 4046 personis
475 3993 554 4030 sacra
566 3975 794 4030 administranda
813 3973 990 4044 adsignavit;
1009 3976 1102 4045 legem
1115 3972 1215 4043 posuit,
1236 3975 1268 4027 ut

96 4079 126 4117 ex
145 4061 266 4132 singulis
285 4062 367 4117 curiis
386 4063 445 4118 bini
464 4064 638 4129 crearentur,
657 4063 678 4116 L
698 4063 779 4118 annis
798 4062 924 4128 maiorer,
943 4080 1011 4133 quos
1030 4080 1086 4118 non
1105 4062 1142 4117 ad
1160 4063 1268 4115 eertum

97 4151 208 4220 aliquod
234 4152 345 4221 tempus
367 4152 485 4208 honores
510 4151 578 4207 istos
602 4150 707 4206 habere
725 4149 886 4216 constituit,
911 4151 958 4205 sed
977 4149 1113 4220 quamdiu
1131 4148 1267 4214 viverent,

96 4237 229 4294 immunes
246 4257 264 4293 a
274 4239 379 4294 militia
392 4241 508 4311 propter
521 4241 652 4305 aetatem,
673 4240 709 4293 ab
722 4239 838 4293 urbanis
849 4255 916 4294 vero
929 4237 1090 4292 muneribus
1103 4237 1266 4307 perlegam.

96 4325 192 4383 Omnes
211 4326 370 4384 sacerdotes
389 4345 406 4382 a
424 4327 506 4383 curiis
525 4327 673 4384 eonstituit
691 4328 789 4393 creari,
811 4327 847 4381 ab
864 4325 1067 4397 interpretibus
1085 4342 1151 4381 vero
1171 4342 1265 4379 rernm

96 4414 252 4473 urinarum
268 4432 319 4488 per
337 4414 462 4487 auspicia
480 4415 659 4483 confirmari.)
679 4448 712 4458 —
731 4416 756 4488 2)
776 4415 907 4472 θέιαάάύιι·
924 4414 1141 4484 Sarranates.
