<?xml version="1.0" encoding="UTF-8"?>
<!DOCTYPE html PUBLIC "-//W3C//DTD XHTML 1.0 Transitional//EN"
    "http://www.w3.org/TR/xhtml1/DTD/xhtml1-transitional.dtd">
<html xmlns="http://www.w3.org/1999/xhtml" xml:lang="en" lang="en">
 <head>
  <title>
</title>
<meta http-equiv="Content-Type" content="text/html;charset=utf-8" />
  <meta name='ocr-system' content='tesseract 3.04.00' />
  <meta name='ocr-capabilities' content='ocr_page ocr_carea ocr_par ocr_line ocrx_word'/>
</head>
<body>
  <div class='ocr_page' id='page_1' title='image "./fontesiurisroma00brungoog_0037.png"; bbox 0 0 2940 4996; ppageno 0'>
   <div class='ocr_carea' id='block_1_1' title="bbox 458 305 1226 379">
    <p class='ocr_par' dir='ltr' id='par_1_1' title="bbox 458 305 1226 379">
     <span class='ocr_line' id='line_1_1' title="bbox 458 305 1226 379; baseline -0.003 -16"><span class='ocrx_word' id='word_1_1' title='bbox 458 305 547 378; x_wconf 79' lang='lat' dir='ltr'><strong>Leges</strong></span> <span class='ocrx_word' id='word_1_2' title='bbox 564 307 617 367; x_wconf 83' lang='lat' dir='ltr'><strong>XII</strong></span> <span class='ocrx_word' id='word_1_3' title='bbox 636 309 809 364; x_wconf 78' lang='lat' dir='ltr'><strong>tabularum.</strong></span> <span class='ocrx_word' id='word_1_4' title='bbox 1186 314 1226 379; x_wconf 83' lang='lat'><strong>15</strong></span> 
     </span>
    </p>
   </div>
   <div class='ocr_carea' id='block_1_2' title="bbox 10 485 1228 4153">
    <p class='ocr_par' dir='ltr' id='par_1_2' title="bbox 10 485 1228 4153">
     <span class='ocr_line' id='line_1_2' title="bbox 64 485 1226 572; baseline -0.001 -19"><span class='ocrx_word' id='word_1_5' title='bbox 64 487 183 553; x_wconf 85' lang='lat' dir='ltr'><strong>nimium</strong></span> <span class='ocrx_word' id='word_1_6' title='bbox 197 508 256 553; x_wconf 89' lang='lat' dir='ltr'><strong>nec</strong></span> <span class='ocrx_word' id='word_1_7' title='bbox 269 485 438 553; x_wconf 87' lang='lat' dir='ltr'><strong>tolerabile</strong></span> <span class='ocrx_word' id='word_1_8' title='bbox 454 486 573 553; x_wconf 78' lang='lat' dir='ltr'>liberae</span> <span class='ocrx_word' id='word_1_9' title='bbox 589 485 724 567; x_wconf 88' lang='lat' dir='ltr'><strong>civitati,</strong></span> <span class='ocrx_word' id='word_1_10' title='bbox 747 487 976 555; x_wconf 65' lang='lat' dir='ltr'>invehebatur:</span> <span class='ocrx_word' id='word_1_11' title='bbox 997 524 1043 537; x_wconf 86' lang='lat'><strong>·-</strong></span> <span class='ocrx_word' id='word_1_12' title='bbox 1063 486 1152 557; x_wconf 80' lang='lat' dir='ltr'><strong>‘duos</strong></span> <span class='ocrx_word' id='word_1_13' title='bbox 1167 511 1226 572; x_wconf 88' lang='lat' dir='ltr'><strong>pre</strong></span> 
     </span>
     <span class='ocr_line' id='line_1_3' title="bbox 63 591 1223 676; baseline 0.003 -20"><span class='ocrx_word' id='word_1_14' title='bbox 63 615 118 656; x_wconf 88' lang='lat' dir='ltr'><strong>une</strong></span> <span class='ocrx_word' id='word_1_15' title='bbox 142 593 285 659; x_wconf 89' lang='lat' dir='ltr'><strong>dominos</strong></span> <span class='ocrx_word' id='word_1_16' title='bbox 317 596 462 676; x_wconf 86' lang='lat' dir='ltr'><strong>acceptos</strong></span> <span class='ocrx_word' id='word_1_17' title='bbox 493 629 536 641; x_wconf 85' lang='lat'>-</span> <span class='ocrx_word' id='word_1_18' title='bbox 566 591 694 657; x_wconf 90' lang='lat' dir='ltr'><strong>infinita</strong></span> <span class='ocrx_word' id='word_1_19' title='bbox 726 596 899 676; x_wconf 71' lang='lat' dir='ltr'><strong>potestate,</strong></span> <span class='ocrx_word' id='word_1_20' title='bbox 933 593 989 676; x_wconf 91' lang='lat' dir='ltr'><strong>qui</strong></span> <span class='ocrx_word' id='word_1_21' title='bbox 1013 629 1059 641; x_wconf 91' lang='lat'><strong>--</strong></span> <span class='ocrx_word' id='word_1_22' title='bbox 1081 592 1223 661; x_wconf 84' lang='lat' dir='ltr'><strong>effrenat&#39;</strong></span> 
     </span>
     <span class='ocr_line' id='line_1_4' title="bbox 61 696 1228 784; baseline 0.003 -24"><span class='ocrx_word' id='word_1_23' title='bbox 61 696 112 779; x_wconf 86' lang='lat' dir='ltr'><strong>ipsi</strong></span> <span class='ocrx_word' id='word_1_24' title='bbox 134 719 240 765; x_wconf 88' lang='lat' dir='ltr'><strong>omnes</strong></span> <span class='ocrx_word' id='word_1_25' title='bbox 255 703 360 765; x_wconf 89' lang='lat' dir='ltr'><strong>metus</strong></span> <span class='ocrx_word' id='word_1_26' title='bbox 375 697 484 784; x_wconf 79' lang='lat' dir='ltr'><strong>legum</strong></span> <span class='ocrx_word' id='word_1_27' title='bbox 498 735 543 746; x_wconf 89' lang='lat'><strong>·-</strong></span> <span class='ocrx_word' id='word_1_28' title='bbox 559 701 718 764; x_wconf 85' lang='lat' dir='ltr'><strong>verterent</strong></span> <span class='ocrx_word' id='word_1_29' title='bbox 734 698 768 763; x_wconf 88' lang='lat' dir='ltr'><strong>in</strong></span> <span class='ocrx_word' id='word_1_30' title='bbox 783 698 924 782; x_wconf 89' lang='lat' dir='ltr'><strong>plebem;</strong></span> <span class='ocrx_word' id='word_1_31' title='bbox 948 721 1083 783; x_wconf 88' lang='lat' dir='ltr'><strong>quaene</strong></span> <span class='ocrx_word' id='word_1_32' title='bbox 1099 703 1228 765; x_wconf 88' lang='lat' dir='ltr'><strong>aeterna</strong></span> 
     </span>
     <span class='ocr_line' id='line_1_5' title="bbox 59 801 1226 890; baseline 0.003 -24"><span class='ocrx_word' id='word_1_33' title='bbox 59 803 112 866; x_wconf 88' lang='lat' dir='ltr'><strong>illis</strong></span> <span class='ocrx_word' id='word_1_34' title='bbox 122 803 250 875; x_wconf 89' lang='lat' dir='ltr'><strong>licentia</strong></span> <span class='ocrx_word' id='word_1_35' title='bbox 265 805 318 884; x_wconf 93' lang='lat' dir='ltr'><strong>sit,</strong></span> <span class='ocrx_word' id='word_1_36' title='bbox 330 805 435 890; x_wconf 83' lang='lat' dir='ltr'><strong>legem</strong></span> <span class='ocrx_word' id='word_1_37' title='bbox 447 827 480 869; x_wconf 82' lang='lat' dir='ltr'><strong>se</strong></span> <span class='ocrx_word' id='word_1_38' title='bbox 490 805 779 888; x_wconf 79' lang='lat' dir='ltr'><strong>promulgaturum,</strong></span> <span class='ocrx_word' id='word_1_39' title='bbox 795 808 831 869; x_wconf 90' lang='lat' dir='ltr'><strong>ut</strong></span> <span class='ocrx_word' id='word_1_40' title='bbox 841 801 933 868; x_wconf 86' lang='lat' dir='ltr'><strong>Vviri</strong></span> <span class='ocrx_word' id='word_1_41' title='bbox 945 808 1090 869; x_wconf 87' lang='lat' dir='ltr'><strong>creentur</strong></span> <span class='ocrx_word' id='word_1_42' title='bbox 1101 805 1226 889; x_wconf 82' lang='lat' dir='ltr'><strong>legibus</strong></span> 
     </span>
     <span class='ocr_line' id='line_1_6' title="bbox 60 907 1226 995; baseline 0.005 -25"><span class='ocrx_word' id='word_1_43' title='bbox 60 907 89 973; x_wconf 86' lang='lat' dir='ltr'><strong>do</strong></span> <span class='ocrx_word' id='word_1_44' title='bbox 116 908 249 992; x_wconf 86' lang='lat' dir='ltr'><strong>imperio</strong></span> <span class='ocrx_word' id='word_1_45' title='bbox 279 909 439 975; x_wconf 90' lang='lat' dir='ltr'><strong>consulari</strong></span> <span class='ocrx_word' id='word_1_46' title='bbox 471 907 841 995; x_wconf 85' lang='lat' dir='ltr'><strong>scribendis.’-(10:)</strong></span> <span class='ocrx_word' id='word_1_47' title='bbox 873 907 970 973; x_wconf 87' lang='lat' dir='ltr'><strong>Anno</strong></span> <span class='ocrx_word' id='word_1_48' title='bbox 1000 910 1111 975; x_wconf 88' lang='lat' dir='ltr'><strong>deinde</strong></span> <span class='ocrx_word' id='word_1_49' title='bbox 1142 911 1226 976; x_wconf 87' lang='lat' dir='ltr'><strong>inse·</strong></span> 
     </span>
     <span class='ocr_line' id='line_1_7' title="bbox 59 1013 1228 1101; baseline 0.003 -24"><span class='ocrx_word' id='word_1_50' title='bbox 59 1015 157 1097; x_wconf 79' lang='lat' dir='ltr'><strong>quenti</strong></span> <span class='ocrx_word' id='word_1_51' title='bbox 173 1014 267 1098; x_wconf 83' lang='lat'>(293)</span> <span class='ocrx_word' id='word_1_52' title='bbox 291 1014 344 1079; x_wconf 83' lang='lat' dir='ltr'><strong>lex</strong></span> <span class='ocrx_word' id='word_1_53' title='bbox 359 1014 534 1083; x_wconf 81' lang='lat' dir='ltr'><strong>Terentilia</strong></span> <span class='ocrx_word' id='word_1_54' title='bbox 557 1037 576 1079; x_wconf 85' lang='lat' dir='ltr'><strong>a</strong></span> <span class='ocrx_word' id='word_1_55' title='bbox 598 1018 668 1078; x_wconf 92' lang='lat' dir='ltr'><strong>toto</strong></span> <span class='ocrx_word' id='word_1_56' title='bbox 683 1015 784 1079; x_wconf 89' lang='lat' dir='ltr'><strong>relata</strong></span> <span class='ocrx_word' id='word_1_57' title='bbox 808 1013 941 1099; x_wconf 86' lang='lat' dir='ltr'><strong>collegio</strong></span> <span class='ocrx_word' id='word_1_58' title='bbox 960 1035 1058 1079; x_wconf 86' lang='lat' dir='ltr'><strong>novos</strong></span> <span class='ocrx_word' id='word_1_59' title='bbox 1075 1036 1228 1101; x_wconf 84' lang='lat' dir='ltr'><strong>aggressa</strong></span> 
     </span>
     <span class='ocr_line' id='line_1_8' title="bbox 58 1118 1227 1205; baseline 0.003 -23"><span class='ocrx_word' id='word_1_60' title='bbox 58 1118 189 1183; x_wconf 83' lang='lat' dir='ltr'><strong>consules</strong></span> <span class='ocrx_word' id='word_1_61' title='bbox 212 1123 270 1185; x_wconf 87' lang='lat' dir='ltr'><strong>est.</strong></span> <span class='ocrx_word' id='word_1_62' title='bbox 318 1119 480 1204; x_wconf 85' lang='lat'>(11:)—</span> <span class='ocrx_word' id='word_1_63' title='bbox 502 1124 609 1204; x_wconf 88' lang='lat' dir='ltr'><strong>patres</strong></span> <span class='ocrx_word' id='word_1_64' title='bbox 631 1120 666 1185; x_wconf 89' lang='lat' dir='ltr'><strong>in</strong></span> <span class='ocrx_word' id='word_1_65' title='bbox 687 1120 776 1204; x_wconf 83' lang='lat' dir='ltr'><strong>lege,</strong></span> <span class='ocrx_word' id='word_1_66' title='bbox 808 1142 889 1205; x_wconf 89' lang='lat' dir='ltr'><strong>quae</strong></span> <span class='ocrx_word' id='word_1_67' title='bbox 917 1142 974 1204; x_wconf 89' lang='lat' dir='ltr'><strong>per</strong></span> <span class='ocrx_word' id='word_1_68' title='bbox 996 1142 1104 1185; x_wconf 90' lang='lat' dir='ltr'><strong>omnes</strong></span> <span class='ocrx_word' id='word_1_69' title='bbox 1127 1122 1227 1186; x_wconf 85' lang='lat' dir='ltr'><strong>comi·</strong></span> 
     </span>
     <span class='ocr_line' id='line_1_9' title="bbox 59 1223 1228 1311; baseline 0.002 -22"><span class='ocrx_word' id='word_1_70' title='bbox 59 1223 139 1289; x_wconf 78' lang='lat' dir='ltr'><strong>tieles</strong></span> <span class='ocrx_word' id='word_1_71' title='bbox 162 1224 230 1289; x_wconf 87' lang='lat' dir='ltr'><strong>dies</strong></span> <span class='ocrx_word' id='word_1_72' title='bbox 252 1224 436 1305; x_wconf 82' lang='lat' dir='ltr'><strong>ferebatur,</strong></span> <span class='ocrx_word' id='word_1_73' title='bbox 457 1225 658 1310; x_wconf 86' lang='lat' dir='ltr'><strong>impedienda</strong></span> <span class='ocrx_word' id='word_1_74' title='bbox 688 1225 748 1309; x_wconf 85' lang='lat' dir='ltr'><strong>(se)</strong></span> <span class='ocrx_word' id='word_1_75' title='bbox 782 1225 946 1310; x_wconf 84' lang='lat' dir='ltr'><strong>gerebant.</strong></span> <span class='ocrx_word' id='word_1_76' title='bbox 993 1224 1050 1307; x_wconf 83' lang='grc'><strong>(14</strong></span> <span class='ocrx_word' id='word_1_77' title='bbox 1060 1225 1082 1309; x_wconf 76' lang='grc' dir='ltr'><strong>ε)</strong></span> <span class='ocrx_word' id='word_1_78' title='bbox 1107 1263 1148 1273; x_wconf 89' lang='lat'><em>-</em></span> <span class='ocrx_word' id='word_1_79' title='bbox 1171 1249 1228 1311; x_wconf 87' lang='lat' dir='ltr'><strong>per</strong></span> 
     </span>
     <span class='ocr_line' id='line_1_10' title="bbox 59 1328 1227 1416; baseline 0.006 -24"><span class='ocrx_word' id='word_1_80' title='bbox 59 1333 151 1395; x_wconf 87' lang='lat' dir='ltr'><strong>totum</strong></span> <span class='ocrx_word' id='word_1_81' title='bbox 173 1351 294 1395; x_wconf 88' lang='lat' dir='ltr'><strong>annum</strong></span> <span class='ocrx_word' id='word_1_82' title='bbox 327 1330 450 1405; x_wconf 86' lang='lat' dir='ltr'><strong>artibus</strong></span> <span class='ocrx_word' id='word_1_83' title='bbox 483 1332 534 1397; x_wconf 84' lang='lat' dir='ltr'><strong>lex</strong></span> <span class='ocrx_word' id='word_1_84' title='bbox 562 1331 649 1399; x_wconf 89' lang='lat' dir='ltr'><strong>elusa</strong></span> <span class='ocrx_word' id='word_1_85' title='bbox 676 1335 733 1395; x_wconf 88' lang='lat' dir='ltr'><strong>est.</strong></span> <span class='ocrx_word' id='word_1_86' title='bbox 781 1330 838 1414; x_wconf 84' lang='grc'><strong>(15</strong></span> <span class='ocrx_word' id='word_1_87' title='bbox 848 1328 870 1416; x_wconf 75' lang='grc' dir='ltr'><strong>ι)</strong></span> <span class='ocrx_word' id='word_1_88' title='bbox 893 1329 986 1397; x_wconf 88' lang='lat' dir='ltr'><strong>Nihil</strong></span> <span class='ocrx_word' id='word_1_89' title='bbox 1019 1332 1095 1395; x_wconf 89' lang='lat' dir='ltr'><strong>novi</strong></span> <span class='ocrx_word' id='word_1_90' title='bbox 1125 1354 1227 1399; x_wconf 82' lang='lat' dir='ltr'><strong>novus</strong></span> 
     </span>
     <span class='ocr_line' id='line_1_11' title="bbox 59 1433 1226 1522; baseline 0.001 -21"><span class='ocrx_word' id='word_1_91' title='bbox 59 1457 148 1501; x_wconf 83' lang='lat' dir='ltr'><strong>annus</strong></span> <span class='ocrx_word' id='word_1_92' title='bbox 171 1433 265 1519; x_wconf 81' lang='grc'>(294)</span> <span class='ocrx_word' id='word_1_93' title='bbox 288 1435 456 1516; x_wconf 87' lang='lat' dir='ltr'><strong>attulerat;</strong></span> <span class='ocrx_word' id='word_1_94' title='bbox 480 1437 562 1522; x_wconf 82' lang='lat' dir='ltr'><strong>legis</strong></span> <span class='ocrx_word' id='word_1_95' title='bbox 585 1436 733 1505; x_wconf 85' lang='lat' dir='ltr'><strong>ferendae</strong></span> <span class='ocrx_word' id='word_1_96' title='bbox 754 1440 811 1500; x_wconf 91' lang='lat' dir='ltr'><strong>aut</strong></span> <span class='ocrx_word' id='word_1_97' title='bbox 834 1436 1033 1520; x_wconf 82' lang='lat' dir='ltr'><strong>accipiendae</strong></span> <span class='ocrx_word' id='word_1_98' title='bbox 1055 1458 1131 1503; x_wconf 89' lang='lat' dir='ltr'><strong>cura</strong></span> <span class='ocrx_word' id='word_1_99' title='bbox 1146 1438 1226 1502; x_wconf 85' lang='lat' dir='ltr'><strong>civi·</strong></span> 
     </span>
     <span class='ocr_line' id='line_1_12' title="bbox 60 1540 1226 1625; baseline 0.002 -18"><span class='ocrx_word' id='word_1_100' title='bbox 60 1543 148 1607; x_wconf 82' lang='lat' dir='ltr'><strong>tatem</strong></span> <span class='ocrx_word' id='word_1_101' title='bbox 170 1540 309 1609; x_wconf 87' lang='lat' dir='ltr'><strong>tenebat.</strong></span> <span class='ocrx_word' id='word_1_102' title='bbox 349 1541 410 1624; x_wconf 86' lang='lat'><strong>(17</strong></span> <span class='ocrx_word' id='word_1_103' title='bbox 415 1546 438 1620; x_wconf 75' lang='grc' dir='ltr'><strong>ε)</strong></span> <span class='ocrx_word' id='word_1_104' title='bbox 467 1579 506 1593; x_wconf 45' lang='grc' dir='ltr'>Ἠ</span> <span class='ocrx_word' id='word_1_105' title='bbox 531 1562 588 1606; x_wconf 89' lang='lat' dir='ltr'><strong>neo</strong></span> <span class='ocrx_word' id='word_1_106' title='bbox 611 1541 662 1607; x_wconf 85' lang='lat' dir='ltr'><strong>lex</strong></span> <span class='ocrx_word' id='word_1_107' title='bbox 684 1545 791 1607; x_wconf 87' lang='lat' dir='ltr'><strong>tamen</strong></span> <span class='ocrx_word' id='word_1_108' title='bbox 815 1540 893 1607; x_wconf 86' lang='lat' dir='ltr'><strong>ferri</strong></span> <span class='ocrx_word' id='word_1_109' title='bbox 914 1579 958 1594; x_wconf 73' lang='lat'><strong>‹-</strong></span> <span class='ocrx_word' id='word_1_110' title='bbox 980 1542 1095 1625; x_wconf 89' lang='lat' dir='ltr'><strong>potuit.</strong></span> <span class='ocrx_word' id='word_1_111' title='bbox 1132 1543 1226 1625; x_wconf 73' lang='lat'><em>(212)</em></span> 
     </span>
     <span class='ocr_line' id='line_1_13' title="bbox 64 1643 1228 1733; baseline 0.003 -23"><span class='ocrx_word' id='word_1_112' title='bbox 64 1681 92 1710; x_wconf 76' lang='lat'><strong>‚-</strong></span> <span class='ocrx_word' id='word_1_113' title='bbox 113 1643 310 1727; x_wconf 80' lang='lat' dir='ltr'><strong>SCta&#39;fiunt,</strong></span> <span class='ocrx_word' id='word_1_114' title='bbox 333 1644 380 1711; x_wconf 82' lang='lat' dir='ltr'><strong>‘ut</strong></span> <span class='ocrx_word' id='word_1_115' title='bbox 402 1669 503 1731; x_wconf 88' lang='lat' dir='ltr'><strong>neque</strong></span> <span class='ocrx_word' id='word_1_116' title='bbox 525 1647 649 1715; x_wconf 90' lang='lat' dir='ltr'><strong>tribuni</strong></span> <span class='ocrx_word' id='word_1_117' title='bbox 670 1647 775 1732; x_wconf 83' lang='lat' dir='ltr'><strong>legem</strong></span> <span class='ocrx_word' id='word_1_118' title='bbox 797 1668 834 1710; x_wconf 88' lang='lat' dir='ltr'><strong>eo</strong></span> <span class='ocrx_word' id='word_1_119' title='bbox 856 1668 940 1714; x_wconf 88' lang='lat' dir='ltr'><strong>anno</strong></span> <span class='ocrx_word' id='word_1_120' title='bbox 962 1647 1093 1727; x_wconf 88' lang='lat' dir='ltr'><strong>ferrent,</strong></span> <span class='ocrx_word' id='word_1_121' title='bbox 1116 1645 1228 1733; x_wconf 87' lang='lat' dir='ltr'><strong>neque&#39;</strong></span> 
     </span>
     <span class='ocr_line' id='line_1_14' title="bbox 61 1751 1226 1836; baseline 0.004 -21"><span class='ocrx_word' id='word_1_122' title='bbox 61 1754 101 1817; x_wconf 75' lang='lat' dir='ltr'><strong>cet.</strong></span> <span class='ocrx_word' id='word_1_123' title='bbox 144 1751 235 1835; x_wconf 76' lang='lat'>(242)</span> <span class='ocrx_word' id='word_1_124' title='bbox 261 1788 300 1800; x_wconf 83' lang='lat'>-</span> <span class='ocrx_word' id='word_1_125' title='bbox 325 1753 448 1819; x_wconf 89' lang='lat' dir='ltr'><strong>tribuni</strong></span> <span class='ocrx_word' id='word_1_126' title='bbox 471 1752 583 1836; x_wconf 86' lang='grc'>(295),</span> <span class='ocrx_word' id='word_1_127' title='bbox 608 1752 802 1819; x_wconf 90' lang='lat' dir='ltr'><strong>-comitia</strong></span> <span class='ocrx_word' id='word_1_128' title='bbox 832 1757 1013 1836; x_wconf 83' lang='lat' dir='ltr'><strong>quaestores</strong></span> <span class='ocrx_word' id='word_1_129' title='bbox 1047 1755 1164 1820; x_wconf 88' lang='lat' dir='ltr'><strong>habere</strong></span> <span class='ocrx_word' id='word_1_130' title='bbox 1187 1755 1226 1820; x_wconf 95' lang='lat' dir='ltr'><strong>de</strong></span> 
     </span>
     <span class='ocr_line' id='line_1_15' title="bbox 63 1853 1224 1946; baseline 0.008 -28"><span class='ocrx_word' id='word_1_131' title='bbox 63 1876 104 1919; x_wconf 88' lang='lat' dir='ltr'><strong>reo</strong></span> <span class='ocrx_word' id='word_1_132' title='bbox 125 1853 296 1940; x_wconf 86' lang='lat' dir='ltr'><strong>(Volscio),</strong></span> <span class='ocrx_word' id='word_1_133' title='bbox 319 1856 382 1921; x_wconf 90' lang='lat' dir='ltr'><strong>nisi</strong></span> <span class='ocrx_word' id='word_1_134' title='bbox 403 1858 492 1942; x_wconf 88' lang='lat' dir='ltr'><strong>prius</strong></span> <span class='ocrx_word' id='word_1_135' title='bbox 515 1857 627 1923; x_wconf 88' lang='lat' dir='ltr'><strong>habita</strong></span> <span class='ocrx_word' id='word_1_136' title='bbox 650 1858 689 1923; x_wconf 88' lang='lat' dir='ltr'><strong>de</strong></span> <span class='ocrx_word' id='word_1_137' title='bbox 711 1859 782 1944; x_wconf 76' lang='lat' dir='ltr'><strong>lege</strong></span> <span class='ocrx_word' id='word_1_138' title='bbox 804 1863 924 1939; x_wconf 86' lang='lat' dir='ltr'><strong>essent,</strong></span> <span class='ocrx_word' id='word_1_139' title='bbox 953 1882 1102 1944; x_wconf 91' lang='lat' dir='ltr'><strong>passuros</strong></span> <span class='ocrx_word' id='word_1_140' title='bbox 1124 1882 1224 1946; x_wconf 86' lang='lat' dir='ltr'><strong>nega-</strong></span> 
     </span>
     <span class='ocr_line' id='line_1_16' title="bbox 65 1959 1226 2049; baseline 0.007 -26"><span class='ocrx_word' id='word_1_141' title='bbox 65 1959 137 2027; x_wconf 87' lang='lat' dir='ltr'><strong>bant.</strong></span> <span class='ocrx_word' id='word_1_142' title='bbox 183 1961 276 2046; x_wconf 77' lang='lat'>(25:)</span> <span class='ocrx_word' id='word_1_143' title='bbox 299 1998 343 2011; x_wconf 84' lang='lat'>-</span> <span class='ocrx_word' id='word_1_144' title='bbox 367 1961 510 2027; x_wconf 89' lang='lat' dir='ltr'><strong>consules</strong></span> <span class='ocrx_word' id='word_1_145' title='bbox 532 1961 610 2026; x_wconf 83' lang='lat' dir='ltr'><strong>facti</strong></span> <span class='ocrx_word' id='word_1_146' title='bbox 634 1962 727 2046; x_wconf 91' lang='grc'>(296)</span> <span class='ocrx_word' id='word_1_147' title='bbox 750 1963 828 2029; x_wconf 88' lang='lat' dir='ltr'><strong>duas</strong></span> <span class='ocrx_word' id='word_1_148' title='bbox 851 1964 991 2028; x_wconf 89' lang='lat' dir='ltr'><strong>residuas</strong></span> <span class='ocrx_word' id='word_1_149' title='bbox 1014 1964 1091 2029; x_wconf 89' lang='lat' dir='ltr'><strong>anni</strong></span> <span class='ocrx_word' id='word_1_150' title='bbox 1110 1965 1226 2049; x_wconf 87' lang='lat' dir='ltr'><strong>prioris</strong></span> 
     </span>
     <span class='ocr_line' id='line_1_17' title="bbox 64 2067 1226 2152; baseline 0.007 -23"><span class='ocrx_word' id='word_1_151' title='bbox 64 2085 155 2132; x_wconf 80' lang='lat' dir='ltr'><strong>ausas</strong></span> <span class='ocrx_word' id='word_1_152' title='bbox 188 2072 398 2152; x_wconf 83' lang='lat' dir='ltr'><strong>exceperunt,</strong></span> <span class='ocrx_word' id='word_1_153' title='bbox 429 2069 480 2149; x_wconf 70' lang='grc' dir='ltr'><strong>-ζ</strong></span> <span class='ocrx_word' id='word_1_154' title='bbox 503 2068 608 2152; x_wconf 82' lang='lat' dir='ltr'><strong>legem</strong></span> <span class='ocrx_word' id='word_1_155' title='bbox 630 2104 671 2117; x_wconf 88' lang='lat'>-</span> <span class='ocrx_word' id='word_1_156' title='bbox 695 2067 911 2152; x_wconf 87' lang='lat' dir='ltr'><strong>impediebant</strong></span> <span class='ocrx_word' id='word_1_157' title='bbox 931 2104 985 2133; x_wconf 88' lang='lat'><strong>-.</strong></span> <span class='ocrx_word' id='word_1_158' title='bbox 1031 2068 1112 2137; x_wconf 78' lang='lat' dir='ltr'><strong>(lum</strong></span> <span class='ocrx_word' id='word_1_159' title='bbox 1143 2068 1226 2137; x_wconf 87' lang='lat' dir='ltr'><strong>Ver-</strong></span> 
     </span>
     <span class='ocr_line' id='line_1_18' title="bbox 64 2170 1227 2260; baseline 0.004 -24"><span class='ocrx_word' id='word_1_160' title='bbox 64 2170 153 2254; x_wconf 77' lang='lat' dir='ltr'><strong>ginius</strong></span> <span class='ocrx_word' id='word_1_161' title='bbox 178 2173 319 2239; x_wconf 86' lang='lat' dir='ltr'><strong>maxime</strong></span> <span class='ocrx_word' id='word_1_162' title='bbox 342 2195 381 2237; x_wconf 83' lang='lat' dir='ltr'><strong>ex</strong></span> <span class='ocrx_word' id='word_1_163' title='bbox 402 2173 541 2239; x_wconf 81' lang='lat' dir='ltr'><strong>tribunis</strong></span> <span class='ocrx_word' id='word_1_164' title='bbox 564 2172 695 2257; x_wconf 83' lang='lat' dir='ltr'><strong>delego</strong></span> <span class='ocrx_word' id='word_1_165' title='bbox 717 2178 836 2259; x_wconf 84' lang='lat' dir='ltr'><strong>ageret,</strong></span> <span class='ocrx_word' id='word_1_166' title='bbox 866 2174 964 2240; x_wconf 90' lang='lat' dir='ltr'><strong>duum</strong></span> <span class='ocrx_word' id='word_1_167' title='bbox 986 2198 1130 2240; x_wconf 89' lang='lat' dir='ltr'><strong>mensum</strong></span> <span class='ocrx_word' id='word_1_168' title='bbox 1153 2199 1227 2260; x_wconf 87' lang='lat' dir='ltr'><strong>spa-</strong></span> 
     </span>
     <span class='ocr_line' id='line_1_19' title="bbox 64 2275 1225 2365; baseline 0.007 -27"><span class='ocrx_word' id='word_1_169' title='bbox 64 2275 127 2343; x_wconf 87' lang='lat' dir='ltr'><strong>tium</strong></span> <span class='ocrx_word' id='word_1_170' title='bbox 141 2279 325 2344; x_wconf 88' lang='lat' dir='ltr'><strong>consulibus</strong></span> <span class='ocrx_word' id='word_1_171' title='bbox 341 2280 452 2344; x_wconf 88' lang='lat' dir='ltr'><strong>datum</strong></span> <span class='ocrx_word' id='word_1_172' title='bbox 474 2283 523 2345; x_wconf 90' lang='lat' dir='ltr'><strong>est</strong></span> <span class='ocrx_word' id='word_1_173' title='bbox 545 2279 585 2344; x_wconf 92' lang='lat' dir='ltr'><strong>ad</strong></span> <span class='ocrx_word' id='word_1_174' title='bbox 600 2279 830 2362; x_wconf 87' lang='lat' dir='ltr'><strong>inspiciendam</strong></span> <span class='ocrx_word' id='word_1_175' title='bbox 845 2279 960 2365; x_wconf 84' lang='lat' dir='ltr'><strong>legem,</strong></span> <span class='ocrx_word' id='word_1_176' title='bbox 984 2284 1030 2361; x_wconf 88' lang='lat' dir='ltr'><strong>ut,</strong></span> <span class='ocrx_word' id='word_1_177' title='bbox 1055 2303 1127 2347; x_wconf 91' lang='lat' dir='ltr'><strong>cum</strong></span> <span class='ocrx_word' id='word_1_178' title='bbox 1149 2281 1225 2346; x_wconf 91' lang='lat' dir='ltr'><strong>edo·</strong></span> 
     </span>
     <span class='ocr_line' id='line_1_20' title="bbox 66 2382 1225 2468; baseline 0.006 -24"><span class='ocrx_word' id='word_1_179' title='bbox 66 2382 182 2448; x_wconf 82' lang='lat' dir='ltr'><strong>coissent</strong></span> <span class='ocrx_word' id='word_1_180' title='bbox 196 2385 364 2468; x_wconf 87' lang='lat' dir='ltr'><strong>populum,</strong></span> <span class='ocrx_word' id='word_1_181' title='bbox 388 2382 465 2468; x_wconf 88' lang='lat' dir='ltr'><strong>quid</strong></span> <span class='ocrx_word' id='word_1_182' title='bbox 487 2382 610 2448; x_wconf 83' lang='lat' dir='ltr'><strong>fraudis</strong></span> <span class='ocrx_word' id='word_1_183' title='bbox 625 2384 766 2449; x_wconf 89' lang='lat' dir='ltr'><strong>occultae</strong></span> <span class='ocrx_word' id='word_1_184' title='bbox 788 2384 936 2465; x_wconf 85' lang='lat' dir='ltr'><strong>ferretur,</strong></span> <span class='ocrx_word' id='word_1_185' title='bbox 958 2386 1098 2450; x_wconf 88' lang='lat' dir='ltr'><strong>sinerent</strong></span> <span class='ocrx_word' id='word_1_186' title='bbox 1113 2385 1225 2452; x_wconf 90' lang='lat' dir='ltr'><strong>deinde</strong></span> 
     </span>
     <span class='ocr_line' id='line_1_21' title="bbox 66 2488 1226 2575; baseline 0.004 -25"><span class='ocrx_word' id='word_1_187' title='bbox 66 2488 234 2575; x_wconf 82' lang='lat' dir='ltr'><strong>suffragium</strong></span> <span class='ocrx_word' id='word_1_188' title='bbox 257 2490 349 2554; x_wconf 87' lang='lat' dir='ltr'><strong>inire.</strong></span> <span class='ocrx_word' id='word_1_189' title='bbox 396 2488 466 2554; x_wconf 91' lang='lat' dir='ltr'><strong>Hoc</strong></span> <span class='ocrx_word' id='word_1_190' title='bbox 487 2488 650 2554; x_wconf 90' lang='lat' dir='ltr'><strong>intervalli</strong></span> <span class='ocrx_word' id='word_1_191' title='bbox 672 2490 783 2554; x_wconf 91' lang='lat' dir='ltr'><strong>datum</strong></span> <span class='ocrx_word' id='word_1_192' title='bbox 806 2512 855 2555; x_wconf 87' lang='lat' dir='ltr'><strong>res</strong></span> <span class='ocrx_word' id='word_1_193' title='bbox 878 2491 1070 2574; x_wconf 89' lang='lat' dir='ltr'><strong>tranquillas</strong></span> <span class='ocrx_word' id='word_1_194' title='bbox 1090 2491 1124 2554; x_wconf 93' lang='lat' dir='ltr'><strong>in</strong></span> <span class='ocrx_word' id='word_1_195' title='bbox 1147 2492 1226 2556; x_wconf 90' lang='lat' dir='ltr'><strong>urbe</strong></span> 
     </span>
     <span class='ocr_line' id='line_1_22' title="bbox 10 2590 1221 2680; baseline 0.005 -26"><span class='ocrx_word' id='word_1_196' title='bbox 10 2628 12 2641; x_wconf 64' lang='grc' dir='ltr'>ι</span> <span class='ocrx_word' id='word_1_197' title='bbox 63 2590 128 2658; x_wconf 83' lang='lat' dir='ltr'><strong>lecit.</strong></span> <span class='ocrx_word' id='word_1_198' title='bbox 171 2595 265 2680; x_wconf 81' lang='lat'>(29:)</span> <span class='ocrx_word' id='word_1_199' title='bbox 289 2594 443 2659; x_wconf 81' lang='lat' dir='ltr'><strong>Extremo</strong></span> <span class='ocrx_word' id='word_1_200' title='bbox 469 2616 553 2658; x_wconf 90' lang='lat' dir='ltr'><strong>anno</strong></span> <span class='ocrx_word' id='word_1_201' title='bbox 582 2594 742 2679; x_wconf 84' lang='lat' dir='ltr'><strong>agitatum</strong></span> <span class='ocrx_word' id='word_1_202' title='bbox 764 2595 802 2659; x_wconf 92' lang='lat' dir='ltr'><strong>de</strong></span> <span class='ocrx_word' id='word_1_203' title='bbox 824 2595 894 2680; x_wconf 83' lang='lat' dir='ltr'><strong>lego</strong></span> <span class='ocrx_word' id='word_1_204' title='bbox 918 2596 958 2660; x_wconf 90' lang='lat' dir='ltr'><strong>ab</strong></span> <span class='ocrx_word' id='word_1_205' title='bbox 980 2596 1119 2661; x_wconf 90' lang='lat' dir='ltr'><strong>tribunis</strong></span> <span class='ocrx_word' id='word_1_206' title='bbox 1149 2599 1221 2673; x_wconf 84' lang='lat' dir='ltr'><strong>est3</strong></span> 
     </span>
     <span class='ocr_line' id='line_1_23' title="bbox 10 2652 1223 2879; baseline 0.003 -117"><span class='ocrx_word' id='word_1_207' title='bbox 10 2652 15 2879; x_wconf 84' lang='grc' dir='ltr'>Ι</span> <span class='ocrx_word' id='word_1_208' title='bbox 65 2700 162 2763; x_wconf 85' lang='lat' dir='ltr'><strong>sed-</strong></span> <span class='ocrx_word' id='word_1_209' title='bbox 184 2724 226 2766; x_wconf 92' lang='lat' dir='ltr'><strong>ne</strong></span> <span class='ocrx_word' id='word_1_210' title='bbox 249 2701 328 2785; x_wconf 89' lang='lat' dir='ltr'><strong>quid</strong></span> <span class='ocrx_word' id='word_1_211' title='bbox 351 2700 488 2765; x_wconf 84' lang='lat' dir='ltr'><strong>ferretur</strong></span> <span class='ocrx_word' id='word_1_212' title='bbox 511 2700 551 2764; x_wconf 88' lang='lat' dir='ltr'><strong>ad</strong></span> <span class='ocrx_word' id='word_1_213' title='bbox 573 2699 728 2784; x_wconf 90' lang='lat' dir='ltr'><strong>populum</strong></span> <span class='ocrx_word' id='word_1_214' title='bbox 751 2704 858 2784; x_wconf 88' lang='lat' dir='ltr'><strong>patres</strong></span> <span class='ocrx_word' id='word_1_215' title='bbox 884 2705 1023 2766; x_wconf 86' lang='lat' dir='ltr'><strong>tenuero.</strong></span> <span class='ocrx_word' id='word_1_216' title='bbox 1069 2699 1157 2795; x_wconf 70' lang='grc'>(391)</span> <span class='ocrx_word' id='word_1_217' title='bbox 1182 2738 1223 2748; x_wconf 88' lang='lat'>-</span> 
     </span>
     <span class='ocr_line' id='line_1_24' title="bbox 64 2802 1224 2889; baseline 0.003 -22"><span class='ocrx_word' id='word_1_218' title='bbox 64 2802 136 2869; x_wconf 89' lang='lat' dir='ltr'><strong>initio</strong></span> <span class='ocrx_word' id='word_1_219' title='bbox 168 2806 246 2870; x_wconf 88' lang='lat' dir='ltr'><strong>anni</strong></span> <span class='ocrx_word' id='word_1_220' title='bbox 271 2804 384 2889; x_wconf 76' lang='grc'>(297),</span> <span class='ocrx_word' id='word_1_221' title='bbox 416 2826 489 2868; x_wconf 88' lang='lat' dir='ltr'><strong>oum</strong></span> <span class='ocrx_word' id='word_1_222' title='bbox 521 2804 599 2869; x_wconf 85' lang='lat' dir='ltr'><strong>foris</strong></span> <span class='ocrx_word' id='word_1_223' title='bbox 623 2805 724 2869; x_wconf 90' lang='lat' dir='ltr'><strong>otium</strong></span> <span class='ocrx_word' id='word_1_224' title='bbox 748 2809 848 2886; x_wconf 91' lang='lat' dir='ltr'><strong>esset,</strong></span> <span class='ocrx_word' id='word_1_225' title='bbox 880 2807 966 2870; x_wconf 90' lang='lat' dir='ltr'><strong>domi</strong></span> <span class='ocrx_word' id='word_1_226' title='bbox 989 2806 1159 2872; x_wconf 90' lang='lat' dir='ltr'><strong>seditiones</strong></span> <span class='ocrx_word' id='word_1_227' title='bbox 1184 2844 1224 2854; x_wconf 92' lang='lat'>-</span> 
     </span>
     <span class='ocr_line' id='line_1_25' title="bbox 10 2884 1226 3023; baseline 0.004 -51"><span class='ocrx_word' id='word_1_228' title='bbox 10 2884 15 3023; x_wconf 76' lang='grc'>(</span> <span class='ocrx_word' id='word_1_229' title='bbox 65 2910 151 2976; x_wconf 83' lang='lat' dir='ltr'><strong>eadem</strong></span> <span class='ocrx_word' id='word_1_230' title='bbox 173 2912 227 2976; x_wconf 84' lang='lat' dir='ltr'><strong>lex</strong></span> <span class='ocrx_word' id='word_1_231' title='bbox 250 2911 400 2991; x_wconf 85' lang='lat' dir='ltr'><strong>faciebat,</strong></span> <span class='ocrx_word' id='word_1_232' title='bbox 424 2910 621 2995; x_wconf 89' lang='lat' dir='ltr'><strong>ulteriusque</strong></span> <span class='ocrx_word' id='word_1_233' title='bbox 643 2914 774 2976; x_wconf 87' lang='lat' dir='ltr'><strong>ventum</strong></span> <span class='ocrx_word' id='word_1_234' title='bbox 805 2911 903 2991; x_wconf 89' lang='lat' dir='ltr'><strong>foret,</strong></span> <span class='ocrx_word' id='word_1_235' title='bbox 936 2913 1013 2977; x_wconf 88' lang='lat' dir='ltr'><strong>adeo</strong></span> <span class='ocrx_word' id='word_1_236' title='bbox 1043 2917 1226 2978; x_wconf 83' lang='lat' dir='ltr'><strong>exarserant</strong></span> 
     </span>
     <span class='ocr_line' id='line_1_26' title="bbox 10 3015 1224 3109; baseline 0.004 -31"><span class='ocrx_word' id='word_1_237' title='bbox 10 3028 13 3109; x_wconf 77' lang='grc'>)</span> <span class='ocrx_word' id='word_1_238' title='bbox 64 3015 158 3096; x_wconf 84' lang='lat' dir='ltr'><strong>animi,</strong></span> <span class='ocrx_word' id='word_1_239' title='bbox 182 3017 218 3081; x_wconf 89' lang='lat' dir='ltr'><strong>ni</strong></span> <span class='ocrx_word' id='word_1_240' title='bbox 243 3022 294 3082; x_wconf 79' lang='lat' dir='ltr'><strong>cet.</strong></span> <span class='ocrx_word' id='word_1_241' title='bbox 342 3016 399 3100; x_wconf 84' lang='lat'><strong>(31</strong></span> <span class='ocrx_word' id='word_1_242' title='bbox 413 3017 435 3098; x_wconf 78' lang='lat' dir='ltr'><strong>t)</strong></span> <span class='ocrx_word' id='word_1_243' title='bbox 466 3015 562 3080; x_wconf 91' lang='lat' dir='ltr'><strong>Domi</strong></span> <span class='ocrx_word' id='word_1_244' title='bbox 592 3015 733 3099; x_wconf 89' lang='lat' dir='ltr'><strong>forisque</strong></span> <span class='ocrx_word' id='word_1_245' title='bbox 764 3015 866 3081; x_wconf 88' lang='lat' dir='ltr'><strong>otium</strong></span> <span class='ocrx_word' id='word_1_246' title='bbox 895 3018 958 3082; x_wconf 85' lang='lat' dir='ltr'><strong>fuit</strong></span> <span class='ocrx_word' id='word_1_247' title='bbox 982 3018 1085 3102; x_wconf 90' lang='grc'>(298).</span> <span class='ocrx_word' id='word_1_248' title='bbox 1110 3057 1152 3067; x_wconf 96' lang='grc'>-</span> <span class='ocrx_word' id='word_1_249' title='bbox 1175 3041 1224 3083; x_wconf 91' lang='lat' dir='ltr'><strong>se·</strong></span> 
     </span>
     <span class='ocr_line' id='line_1_27' title="bbox 64 3122 1225 3206; baseline 0.003 -22"><span class='ocrx_word' id='word_1_250' title='bbox 64 3127 156 3202; x_wconf 80' lang='lat' dir='ltr'><strong>quante</strong></span> <span class='ocrx_word' id='word_1_251' title='bbox 180 3144 269 3187; x_wconf 88' lang='lat' dir='ltr'><strong>anno</strong></span> <span class='ocrx_word' id='word_1_252' title='bbox 292 3122 386 3206; x_wconf 88' lang='grc'>(299)</span> <span class='ocrx_word' id='word_1_253' title='bbox 409 3160 455 3170; x_wconf 92' lang='lat'>-</span> <span class='ocrx_word' id='word_1_254' title='bbox 476 3122 579 3206; x_wconf 85' lang='lat' dir='ltr'><strong>legem</strong></span> <span class='ocrx_word' id='word_1_255' title='bbox 602 3122 750 3186; x_wconf 91' lang='lat' dir='ltr'><strong>omnibus</strong></span> <span class='ocrx_word' id='word_1_256' title='bbox 772 3122 972 3186; x_wconf 91' lang='lat' dir='ltr'><strong>contionibus</strong></span> <span class='ocrx_word' id='word_1_257' title='bbox 995 3122 1061 3186; x_wconf 89' lang='lat' dir='ltr'><strong>suis</strong></span> <span class='ocrx_word' id='word_1_258' title='bbox 1084 3124 1225 3188; x_wconf 84' lang='lat' dir='ltr'><strong>celebra·</strong></span> 
     </span>
     <span class='ocr_line' id='line_1_28' title="bbox 64 3222 1223 3314; baseline 0.003 -25"><span class='ocrx_word' id='word_1_259' title='bbox 64 3222 122 3291; x_wconf 83' lang='lat' dir='ltr'><strong>bant</strong></span> <span class='ocrx_word' id='word_1_260' title='bbox 152 3229 318 3314; x_wconf 77' lang='lat' dir='ltr'><strong>(tribuni).</strong></span> <span class='ocrx_word' id='word_1_261' title='bbox 353 3266 396 3274; x_wconf 92' lang='lat'><em>-</em></span> <span class='ocrx_word' id='word_1_262' title='bbox 420 3228 508 3310; x_wconf 80' lang='lat' dir='ltr'><strong>(novi</strong></span> <span class='ocrx_word' id='word_1_263' title='bbox 540 3227 697 3311; x_wconf 85' lang='lat' dir='ltr'><strong>consules)</strong></span> <span class='ocrx_word' id='word_1_264' title='bbox 727 3227 856 3293; x_wconf 88' lang='lat' dir='ltr'><strong>aiebant</strong></span> <span class='ocrx_word' id='word_1_265' title='bbox 886 3266 931 3274; x_wconf 89' lang='lat'><em>-</em></span> <span class='ocrx_word' id='word_1_266' title='bbox 952 3226 1094 3312; x_wconf 11' lang='lat' dir='ltr'><strong>‘plebem‘</strong></span> <span class='ocrx_word' id='word_1_267' title='bbox 1108 3233 1140 3294; x_wconf 89' lang='lat' dir='ltr'><strong>et</strong></span> <span class='ocrx_word' id='word_1_268' title='bbox 1162 3230 1223 3293; x_wconf 91' lang='lat' dir='ltr'><strong>tri-</strong></span> 
     </span>
     <span class='ocr_line' id='line_1_29' title="bbox 61 3327 1222 3418; baseline 0.002 -23"><span class='ocrx_word' id='word_1_269' title='bbox 61 3327 141 3397; x_wconf 88' lang='lat' dir='ltr'><strong>bunes</strong></span> <span class='ocrx_word' id='word_1_270' title='bbox 163 3334 272 3418; x_wconf 85' lang='lat' dir='ltr'><strong>legem</strong></span> <span class='ocrx_word' id='word_1_271' title='bbox 287 3333 370 3398; x_wconf 87' lang='lat' dir='ltr'><strong>ferre</strong></span> <span class='ocrx_word' id='word_1_272' title='bbox 393 3355 456 3397; x_wconf 92' lang='lat' dir='ltr'><strong>non</strong></span> <span class='ocrx_word' id='word_1_273' title='bbox 480 3331 591 3416; x_wconf 88' lang='lat' dir='ltr'><strong>posse.’</strong></span> <span class='ocrx_word' id='word_1_274' title='bbox 636 3332 718 3396; x_wconf 83' lang='lat' dir='ltr'><strong>Tum</strong></span> <span class='ocrx_word' id='word_1_275' title='bbox 734 3333 858 3398; x_wconf 89' lang='lat' dir='ltr'><strong>abiecta</strong></span> <span class='ocrx_word' id='word_1_276' title='bbox 880 3333 960 3418; x_wconf 83' lang='lat' dir='ltr'><strong>lege,</strong></span> <span class='ocrx_word' id='word_1_277' title='bbox 984 3356 1065 3417; x_wconf 89' lang='lat' dir='ltr'><strong>quae</strong></span> <span class='ocrx_word' id='word_1_278' title='bbox 1080 3333 1222 3416; x_wconf 89' lang='lat' dir='ltr'><strong>promul-</strong></span> 
     </span>
     <span class='ocr_line' id='line_1_30' title="bbox 60 3436 1222 3522; baseline 0.003 -24"><span class='ocrx_word' id='word_1_279' title='bbox 60 3439 118 3516; x_wconf 72' lang='lat' dir='ltr'><strong>gata</strong></span> <span class='ocrx_word' id='word_1_280' title='bbox 132 3442 353 3517; x_wconf 88' lang='lat' dir='ltr'><strong>consenuerat.</strong></span> <span class='ocrx_word' id='word_1_281' title='bbox 376 3439 499 3503; x_wconf 90' lang='lat' dir='ltr'><strong>tribuni</strong></span> <span class='ocrx_word' id='word_1_282' title='bbox 515 3438 617 3502; x_wconf 86' lang='lat' dir='ltr'><strong>lenius</strong></span> <span class='ocrx_word' id='word_1_283' title='bbox 641 3459 735 3522; x_wconf 84' lang='lat' dir='ltr'><strong>agere</strong></span> <span class='ocrx_word' id='word_1_284' title='bbox 751 3460 823 3501; x_wconf 92' lang='lat' dir='ltr'><strong>cum</strong></span> <span class='ocrx_word' id='word_1_285' title='bbox 844 3438 1004 3522; x_wconf 88' lang='lat' dir='ltr'><strong>patribus:</strong></span> <span class='ocrx_word' id='word_1_286' title='bbox 1027 3436 1133 3502; x_wconf 83' lang='lat' dir='ltr'><strong>‘finem</strong></span> <span class='ocrx_word' id='word_1_287' title='bbox 1148 3443 1222 3503; x_wconf 91' lang='lat' dir='ltr'><strong>tan-</strong></span> 
     </span>
     <span class='ocr_line' id='line_1_31' title="bbox 60 3537 1224 3627; baseline 0.006 -26"><span class='ocrx_word' id='word_1_288' title='bbox 60 3537 113 3605; x_wconf 89' lang='lat' dir='ltr'><strong>dem</strong></span> <span class='ocrx_word' id='word_1_289' title='bbox 133 3543 348 3608; x_wconf 87' lang='lat' dir='ltr'><strong>certaminum</strong></span> <span class='ocrx_word' id='word_1_290' title='bbox 370 3544 530 3623; x_wconf 86' lang='lat' dir='ltr'><strong>facerent,</strong></span> <span class='ocrx_word' id='word_1_291' title='bbox 552 3580 597 3589; x_wconf 95' lang='lat'><em>-</em></span> <span class='ocrx_word' id='word_1_292' title='bbox 620 3543 830 3607; x_wconf 86' lang='lat' dir='ltr'><strong>communiter</strong></span> <span class='ocrx_word' id='word_1_293' title='bbox 860 3543 968 3627; x_wconf 86' lang='lat' dir='ltr'><strong>legum</strong></span> <span class='ocrx_word' id='word_1_294' title='bbox 989 3541 1107 3608; x_wconf 89' lang='lat' dir='ltr'><strong>latores</strong></span> <span class='ocrx_word' id='word_1_295' title='bbox 1131 3547 1163 3609; x_wconf 89' lang='lat' dir='ltr'><strong>et</strong></span> <span class='ocrx_word' id='word_1_296' title='bbox 1186 3566 1224 3609; x_wconf 84' lang='lat' dir='ltr'><strong>ex</strong></span> 
     </span>
     <span class='ocr_line' id='line_1_32' title="bbox 10 3645 1222 3734; baseline 0.002 -25"><span class='ocrx_word' id='word_1_297' title='bbox 10 3694 12 3703; x_wconf 90' lang='lat'><strong>.</strong></span> <span class='ocrx_word' id='word_1_298' title='bbox 58 3645 131 3726; x_wconf 88' lang='lat' dir='ltr'><strong>plebe</strong></span> <span class='ocrx_word' id='word_1_299' title='bbox 146 3653 178 3713; x_wconf 89' lang='lat' dir='ltr'><strong>et</strong></span> <span class='ocrx_word' id='word_1_300' title='bbox 201 3670 241 3712; x_wconf 84' lang='lat' dir='ltr'><strong>ex</strong></span> <span class='ocrx_word' id='word_1_301' title='bbox 257 3649 414 3732; x_wconf 90' lang='lat' dir='ltr'><strong>patribus,</strong></span> <span class='ocrx_word' id='word_1_302' title='bbox 438 3650 493 3734; x_wconf 89' lang='lat' dir='ltr'><strong>qui</strong></span> <span class='ocrx_word' id='word_1_303' title='bbox 516 3649 660 3733; x_wconf 88' lang='lat' dir='ltr'><strong>utrisque</strong></span> <span class='ocrx_word' id='word_1_304' title='bbox 675 3648 769 3713; x_wconf 90' lang='lat' dir='ltr'><strong>utilia</strong></span> <span class='ocrx_word' id='word_1_305' title='bbox 783 3646 905 3712; x_wconf 84' lang='lat' dir='ltr'><strong>ferrent</strong></span> <span class='ocrx_word' id='word_1_306' title='bbox 921 3671 1065 3733; x_wconf 88' lang='lat' dir='ltr'><strong>quaeque</strong></span> <span class='ocrx_word' id='word_1_307' title='bbox 1081 3671 1222 3733; x_wconf 89' lang='lat' dir='ltr'><strong>aequan-</strong></span> 
     </span>
     <span class='ocr_line' id='line_1_33' title="bbox 56 3749 1220 3837; baseline 0.003 -23"><span class='ocrx_word' id='word_1_308' title='bbox 56 3749 100 3818; x_wconf 85' lang='lat' dir='ltr'><strong>dae</strong></span> <span class='ocrx_word' id='word_1_309' title='bbox 112 3754 274 3820; x_wconf 88' lang='lat' dir='ltr'><strong>libertatis</strong></span> <span class='ocrx_word' id='word_1_310' title='bbox 295 3761 409 3836; x_wconf 88' lang='lat' dir='ltr'><strong>essent,</strong></span> <span class='ocrx_word' id='word_1_311' title='bbox 433 3756 573 3821; x_wconf 89' lang='lat' dir='ltr'><strong>sinerent</strong></span> <span class='ocrx_word' id='word_1_312' title='bbox 589 3753 709 3820; x_wconf 65' lang='lat' dir='ltr'><strong>creari?</strong></span> <span class='ocrx_word' id='word_1_313' title='bbox 753 3753 834 3819; x_wconf 82' lang='lat' dir='ltr'><strong>Rem</strong></span> <span class='ocrx_word' id='word_1_314' title='bbox 856 3776 921 3818; x_wconf 91' lang='lat' dir='ltr'><strong>non</strong></span> <span class='ocrx_word' id='word_1_315' title='bbox 945 3755 1220 3837; x_wconf 87' lang='lat' dir='ltr'><strong>adspernabantur</strong></span> 
     </span>
     <span class='ocr_line' id='line_1_34' title="bbox 55 3859 1222 3947; baseline -0.001 -23"><span class='ocrx_word' id='word_1_316' title='bbox 55 3863 155 3940; x_wconf 85' lang='lat' dir='ltr'><strong>patres,</strong></span> <span class='ocrx_word' id='word_1_317' title='bbox 179 3861 324 3925; x_wconf 88' lang='lat' dir='ltr'><strong>laturum</strong></span> <span class='ocrx_word' id='word_1_318' title='bbox 346 3861 433 3947; x_wconf 83' lang='lat' dir='ltr'><strong>leges</strong></span> <span class='ocrx_word' id='word_1_319' title='bbox 455 3863 615 3926; x_wconf 90' lang='lat' dir='ltr'><strong>neminem</strong></span> <span class='ocrx_word' id='word_1_320' title='bbox 636 3861 700 3925; x_wconf 91' lang='lat' dir='ltr'><strong>nisi</strong></span> <span class='ocrx_word' id='word_1_321' title='bbox 723 3883 761 3925; x_wconf 84' lang='lat' dir='ltr'><strong>ex</strong></span> <span class='ocrx_word' id='word_1_322' title='bbox 777 3860 933 3944; x_wconf 89' lang='lat' dir='ltr'><strong>patribus,</strong></span> <span class='ocrx_word' id='word_1_323' title='bbox 957 3860 1095 3924; x_wconf 91' lang='lat' dir='ltr'><strong>aiebant.</strong></span> <span class='ocrx_word' id='word_1_324' title='bbox 1142 3859 1222 3924; x_wconf 81' lang='lat' dir='ltr'><strong>(lum</strong></span> 
     </span>
     <span class='ocr_line' id='line_1_35' title="bbox 54 3959 1224 4050; baseline 0.003 -26"><span class='ocrx_word' id='word_1_325' title='bbox 54 3959 83 4025; x_wconf 86' lang='lat' dir='ltr'><strong>de</strong></span> <span class='ocrx_word' id='word_1_326' title='bbox 100 3962 226 4050; x_wconf 84' lang='lat' dir='ltr'><strong>legibus</strong></span> <span class='ocrx_word' id='word_1_327' title='bbox 249 3968 443 4047; x_wconf 88' lang='lat' dir='ltr'><strong>conveniret,</strong></span> <span class='ocrx_word' id='word_1_328' title='bbox 466 3968 621 4032; x_wconf 88' lang='lat' dir='ltr'><strong>delatore</strong></span> <span class='ocrx_word' id='word_1_329' title='bbox 644 3970 771 4030; x_wconf 90' lang='lat' dir='ltr'><strong>tantum</strong></span> <span class='ocrx_word' id='word_1_330' title='bbox 787 3965 989 4049; x_wconf 89' lang='lat' dir='ltr'><strong>discreparet,</strong></span> <span class='ocrx_word' id='word_1_331' title='bbox 1013 3965 1102 4028; x_wconf 91' lang='lat' dir='ltr'><strong>missi</strong></span> <span class='ocrx_word' id='word_1_332' title='bbox 1125 3965 1224 4049; x_wconf 84' lang='lat' dir='ltr'><strong>legati</strong></span> 
     </span>
     <span class='ocr_line' id='line_1_36' title="bbox 56 4064 1224 4153; baseline 0.002 -24"><span class='ocrx_word' id='word_1_333' title='bbox 56 4064 187 4134; x_wconf 75' lang='lat' dir='ltr'><strong>Athenas</strong></span> <span class='ocrx_word' id='word_1_334' title='bbox 211 4067 266 4153; x_wconf 83' lang='lat' dir='ltr'><strong>Sp.</strong></span> <span class='ocrx_word' id='word_1_335' title='bbox 291 4068 476 4135; x_wconf 86' lang='lat' dir='ltr'><strong>Postumius</strong></span> <span class='ocrx_word' id='word_1_336' title='bbox 493 4069 606 4150; x_wconf 82' lang='lat' dir='ltr'><strong>Albus,</strong></span> <span class='ocrx_word' id='word_1_337' title='bbox 631 4070 670 4133; x_wconf 85' lang='grc' dir='ltr'><strong>Α.</strong></span> <span class='ocrx_word' id='word_1_338' title='bbox 694 4068 844 4148; x_wconf 90' lang='lat' dir='ltr'><strong>Manlius,</strong></span> <span class='ocrx_word' id='word_1_339' title='bbox 867 4067 902 4132; x_wconf 93' lang='lat' dir='ltr'><strong>P.</strong></span> <span class='ocrx_word' id='word_1_340' title='bbox 928 4067 1087 4152; x_wconf 85' lang='lat' dir='ltr'><strong>Sulpicius</strong></span> <span class='ocrx_word' id='word_1_341' title='bbox 1112 4068 1224 4133; x_wconf 79' lang='lat' dir='ltr'><strong>(lame-</strong></span> 
     </span>
    </p>
   </div>
   <div class='ocr_carea' id='block_1_3' title="bbox 52 4311 1224 4475">
    <p class='ocr_par' dir='ltr' id='par_1_3' title="bbox 52 4311 1224 4475">
     <span class='ocr_line' id='line_1_37' title="bbox 55 4311 1224 4380; baseline -0.001 -14"><span class='ocrx_word' id='word_1_342' title='bbox 55 4315 131 4368; x_wconf 68' lang='lat' dir='ltr'><strong>ratius</strong></span> <span class='ocrx_word' id='word_1_343' title='bbox 147 4321 348 4371; x_wconf 76' lang='lat' dir='ltr'><strong>enarraverunt</strong></span> <span class='ocrx_word' id='word_1_344' title='bbox 366 4313 428 4367; x_wconf 67' lang='lat' dir='ltr'><strong>Ilio.</strong></span> <span class='ocrx_word' id='word_1_345' title='bbox 440 4316 560 4380; x_wconf 82' lang='lat'><strong>3,9-57,</strong></span> <span class='ocrx_word' id='word_1_346' title='bbox 579 4313 664 4369; x_wconf 78' lang='lat' dir='ltr'><strong>Dion.</strong></span> <span class='ocrx_word' id='word_1_347' title='bbox 674 4315 812 4380; x_wconf 70' lang='lat' dir='ltr'><strong>rar-60,</strong></span> <span class='ocrx_word' id='word_1_348' title='bbox 834 4311 1224 4379; x_wconf 77' lang='lat' dir='ltr'><strong>Pornpoa.iaD.1,2,2,3.424</strong></span> 
     </span>
     <span class='ocr_line' id='line_1_38' title="bbox 52 4398 636 4475; baseline -0.009 -16"><span class='ocrx_word' id='word_1_349' title='bbox 52 4398 168 4458; x_wconf 61' lang='lat' dir='ltr'><strong>Elaea</strong></span> <span class='ocrx_word' id='word_1_350' title='bbox 185 4419 259 4475; x_wconf 75' lang='lat' dir='ltr'><strong>quoe</strong></span> <span class='ocrx_word' id='word_1_351' title='bbox 276 4403 332 4457; x_wconf 79' lang='lat' dir='ltr'><strong>bac</strong></span> <span class='ocrx_word' id='word_1_352' title='bbox 345 4403 483 4472; x_wconf 79' lang='lat' dir='ltr'><strong>pertineat</strong></span> <span class='ocrx_word' id='word_1_353' title='bbox 500 4402 636 4470; x_wconf 65' lang='lat' dir='ltr'><strong>execrabat.</strong></span> 
     </span>
    </p>
   </div>
   <div class='ocr_carea' id='block_1_4' title="bbox 0 0 1474 4996">
    <p class='ocr_par' dir='ltr' id='par_1_4' title="bbox 0 0 1474 4996">
     <span class='ocr_line' id='line_1_39' title="bbox 0 0 1474 4996; baseline 0 0"><span class='ocrx_word' id='word_1_354' title='bbox 0 0 1474 4996; x_wconf 95' lang='lat' dir='ltr'><strong> </strong></span> 
     </span>
    </p>
   </div>
  </div>
 </body>
</html>
