2954 5010
144 305 192 370 '10
634 300 842 373 mgaregiao.

145 484 297 545 κανωνδν
319 480 470 566 mamma
499 480 591 563 ἱερῶν
613 501 648 544 τε
670 481 725 543 καὶ
746 479 917 564 χρημάτων
935 477 1023 544 κατὰ
1044 476 1118 556 τοὺς
1140 480 1323 566 νὸμουςμη-

154 585 221 649 aaa
244 589 300 670 τὴν
324 585 466 663 ἐξουσίαν
487 587 565 649 εἶναι
588 593 631 670 τῷ
655 587 749 668 ττατρί
771 582 887 648 πωλεῖν
909 586 962 649 τὸν
986 582 1060 650 υἱον.

238 693 288 756 11.
323 691 407 757 Pac.
432 691 556 776 (Numa
576 691 674 774 12):1
698 688 748 772 (Ὁ
771 688 894 774 Νομᾶς)
918 693 957 753 τὰ
979 689 1082 776 πένθη
1105 690 1184 756 καθ’
1197 691 1322 777 ἡλικίας

147 798 201 859 καὶ
232 797 364 880 χρόνους
396 795 521 876 ἔταξεν,
556 797 619 859 οἶον
650 795 748 858 παῖδα
778 799 820 880 μὴ
849 796 976 859 uestem
1000 796 1150 880 νεώτερον
1173 805 1323 881 τριετοῦς,

147 902 227 986 μηδὲ
249 903 458 989 πρεσβύτερον
482 901 628 976 πλείονας
651 911 750 985 μῆνας
771 901 816 964 ὧν
841 901 968 987 ἐβίωσεν
989 901 1136 966 ἐνιαυτῶν
1153 901 1247 986 μέχρι
1262 909 1322 966 τῶν

148 1005 238 1090 δέκα,
261 1008 316 1070 καὶ
339 1006 514 1090 περαιτέρω
531 1006 682 1092 μηδεμίαν
697 1005 840 1091 ἡλικίαν·
864 1006 948 1070 ἀλλὰ
963 1016 1018 1070 τοῦ
1035 1008 1237 1091 μακροτάτου
1252 1007 1322 1071 πέν-

146 1111 225 1186 θους
248 1111 360 1195 χρόνον
388 1114 465 1176 εἶναι
488 1113 718 1197 δεκαμηνιαῐον,
751 1111 799 1195 ἐφ’
821 1113 894 1175 ὅσον
918 1114 973 1175 καὶ
996 1113 1182 1197 χηρεύουσιν
1207 1113 1321 1177 αἰτῶν

147 1217 373 1280 ἀποθανόντων
396 1227 563 1301 γυναῖκες·
585 1218 606 1302 ἡ
629 1217 665 1280 δέ
687 1217 841 1301 πρότερον
864 1218 1045 1302 γαμηθεῖσα
1068 1219 1141 1305 βοῦν
1162 1219 1321 1303 ἐγκυμονα

146 1321 302 1387 κατέθυεν
326 1323 447 1387 ἐκείνου
470 1322 753 1408 νομοθετήσαντος.

564 1518 904 1588 ammirabilem.

237 1643 288 1707 12.
326 1642 359 1709 Si
380 1666 431 1716 om
452 1664 582 1707 nomunn
603 1665 729 1707 nmaaun
751 1664 824 1706 nono
847 1663 941 1706 somus
956 1663 1045 1706 noum
1067 1663 1146 1720 omn,
1176 1662 1322 1706 amramis

146 1745 256 1809 τετυ.2
1273 1750 1275 1755 ’

235 1854 285 1917 13.
319 1851 448 1920 Servios
471 1855 520 1940 (ln
544 1855 673 1938 Vcrpilil
695 1855 748 1937 cpl.
765 1851 872 1938 4,43);
896 1851 935 1918 In
956 1851 1082 1919 Numae
1102 1851 1229 1938 legibus
1249 1874 1321 1917 oau-

148 1960 219 2020 tum
241 1962 306 2038 est,
338 1963 374 2023 ut
397 1960 424 2024 si
447 1961 518 2045 quis
541 1961 724 2045 imprudens
747 1960 911 2025 occidisset
933 1959 1105 2039 hominem,
1137 1981 1196 2042 pro
1220 1959 1322 2042 capite

146 2062 240 2127 occisi
262 2065 389 2148 agnatis
413 2066 478 2130 eius
500 2067 535 2130 in
557 2063 726 2130 contione³
750 2065 878 2130 offerret
900 2063 1067 2130 arietem.4

237 2169 287 2232 14.
324 2171 497 2236 Marcellus
513 2173 532 2236 l.
544 2177 591 2238 28
605 2172 794 2255 clipeatorum
807 2170 863 2255 (D.
873 2172 1011 2256 rr‚c‚2):
1035 2171 1143 2256 Negat
1157 2171 1211 2235 lex
1222 2171 1320 2255 regia,

148 2275 324 2355 mulierem,
348 2301 428 2362 quae
444 2301 624 2365 praegnans
646 2283 774 2343 mortua
788 2280 840 2359 sit,
863 2279 1000 2358 humari,
1024 2281 1196 2360 antequam
1211 2280 1322 2360 partus

147 2381 177 2445 ei
200 2382 379 2462 excidatur3
410 2385 466 2468 qui
488 2390 599 2450 contra
627 2384 754 2464 fecerit,
786 2407 875 2468 spem
899 2382 1071 2448 animantis
1094 2405 1166 2446 cum
1188 2381 1323 2467 gravida

147 2487 317 2569 peremisse
339 2488 475 2555 videtur.

238 2592 288 2656 15.
320 2592 419 2658 Nost:
442 2593 556 2658 Aliuta
579 2594 704 2680 antiqui
727 2594 874 2659 dicebant
896 2616 955 2678 pro
977 2593 1071 2658 aliter
1093 2616 1153 2669 -;
1177 2592 1253 2656 hino
1276 2595 1324 2657 est

148 2697 228 2762 illud
251 2698 285 2762 in
308 2698 433 2784 legibus
456 2698 581 2765 Numae
603 2699 758 2784 Pompili:
785 2722 812 2764 sr
834 2721 979 2773 ouisounr
1002 2720 1107 2763 aarum
1130 2720 1224 2778 rixis,
1248 2719 1324 2762 nsos

148 2826 206 2868 ron
229 2826 316 2868 saona
338 2827 416 2869 asro.

235 2911 285 2973 16.
309 2908 570 2994 1)νόνκ(2,74);ὗ
592 2911 614 2996 ἡ
637 2913 708 2995 περὶ
730 2913 803 2986 τοὺς
826 2911 972 2995 ὁρισμοὺς
991 2919 1052 2976 τῶν
1068 2910 1212 2996 κτήσεων
1227 2930 1321 2996 νομο-

217 3085 243 3151 1)
262 3082 367 3152 (Numa
385 3083 507 3138 officium
530 3084 648 3152 lugendi
667 3084 818 3139 secundum
836 3085 944 3139 aetates
968 3086 996 3139 et
1014 3087 1143 3155 tempora
1166 3084 1324 3151 constituit,

148 3171 182 3224 ut
203 3187 322 3240 puerum
345 3170 431 3226 trimo
455 3170 591 3226 minorem
616 3173 731 3242 nequis
755 3173 861 3242 lugeat,
888 3173 1022 3229 maiorem
1040 3191 1075 3228 ne
1093 3173 1188 3243 plures
1206 3190 1324 3238 menses,

101 3249 103 3253 ’
149 3276 236 3328 quam
262 3276 350 3314 annos
375 3257 492 3323 vixerit,
519 3276 607 3329 nsque
632 3259 668 3313 ad
692 3259 798 3314 decem:
825 3278 876 3315 neo
893 3278 1063 3330 quemquam
1081 3260 1201 3315 cuiusvis
1219 3262 1323 3316 aetatis

145 3348 236 3409 ultra;
257 3346 305 3401 sed
324 3345 481 3416 longissimi
499 3346 592 3399 luctus
611 3347 720 3416 tempus
740 3363 798 3401 esse
816 3347 910 3402 decem
928 3349 1073 3403 mensium.
1102 3348 1245 3418 Perjquod
1260 3367 1323 3419 spa

151 3434 224 3489 tium
242 3433 374 3489 uxoribus
393 3451 502 3503 quoque
520 3434 715 3490 defunctorum
742 3453 759 3488 a
778 3436 905 3490 secundis
924 3436 1032 3506 nuptiis
1051 3431 1250 3490 abstinendum
1270 3439 1326 3503 est;

149 3523 178 3577 et
196 3522 219 3576 si
237 3539 294 3592 qua
314 3521 391 3591 prius
411 3523 547 3592 nupserit,
565 3524 665 3578 bovem
684 3524 773 3578 fetam
790 3524 937 3581 immolare
956 3523 1078 3580 debebat
1095 3541 1128 3578 ex
1146 3524 1223 3578 illius
1242 3525 1325 3596 lege.)

147 3610 190 3679 Of.
208 3611 267 3666 Vct.
275 3610 316 3679 fr.
327 3614 391 3664 321:
419 3610 546 3680 lugendi
564 3614 630 3665 sunt
649 3614 780 3682 parentes
799 3629 881 3678 anno,
902 3612 984 3667 liberi
1003 3611 1121 3667 maiores
1140 3613 1165 3665 X
1185 3629 1324 3668 annorum

148 3715 235 3768 aeque
254 3715 328 3754 anno
346 3699 381 3759 (X
400 3698 557 3767 mensium),
576 3699 697 3755 minores
716 3731 751 3740 -
769 3701 814 3756 tot
832 3701 973 3755 mensibus
993 3732 1026 3740 —
1044 3702 1113 3770 quot
1126 3717 1265 3755 annorum
1278 3701 1324 3755 de·

145 3785 281 3841 cesserint
302 3802 388 3855 usque
414 3785 450 3839 ad
469 3786 633 3850 trimatum
659 3785 751 3842 minor
769 3786 855 3842 trimo
875 3806 931 3843 non
951 3787 1065 3857 lugetur
1083 3786 1130 3842 sed
1149 3787 1324 3857 subiugatur,

148 3875 241 3931 minor
260 3875 390 3930 anniculo
408 3891 498 3944 neque
515 3876 633 3944 lugetur
651 3891 742 3944 neque
760 3876 935 3945 sublugetur.
964 3905 998 3915 —-
1019 3876 1045 3945 2)
1064 3875 1136 3930 Fest.
1156 3875 1271 3930 Parrici.
1290 3906 1323 3916 -

147 3962 294 4017 Parricida
311 3981 368 4018 non
385 3963 483 4033 utique
501 3963 532 4026 is,
552 3962 600 4031 qui
618 3965 765 4032 parentem
785 3963 936 4028 occidisset,
956 3962 1109 4026 dicebatur,
1129 3963 1178 4017 sed
1199 3963 1324 4032 qualem·

148 4069 255 4121 cunque
283 4052 425 4107 hominem
450 4051 656 4106 indemnatum.
693 4052 737 4105 Ita
761 4051 846 4106 fuisse
867 4051 976 4105 indicat
999 4052 1044 4105 lex
1062 4050 1173 4105 Numae
1193 4051 1324 4120 Pompilii

146 4139 220 4208 regis
239 4139 282 4192 his
307 4138 463 4208 composita
486 4138 595 4194 verbis:
620 4139 720 4209 ‘siqui
745 4141 800 4195 cct’
820 4171 851 4178 —
873 4139 915 4207 Of.
934 4139 998 4208 Lep.
1018 4140 1151 4193 Rom12.
1177 4170 1211 4179 —
1232 4140 1259 4209 3)
1278 4141 1324 4194 Ita

147 4228 294 4282 emendavit
312 4228 439 4283 Huschke
452 4245 506 4298 pro
524 4230 553 4283 et
570 4229 647 4282 natis
666 4229 723 4282 eius
742 4227 773 4282 in
793 4227 931 4282 cautione.
949 4257 984 4266 —
1002 4228 1031 4291 4)
1053 4227 1094 4296 Of.
1108 4219 1190 4281 Sera
1201 4228 1232 4281 ia
1248 4228 1322 4297 Vero.

145 4332 233 4386 ρεονρ.
252 4320 342 4384 3,387;
371 4317 446 4386 apud
464 4317 593 4384 {maiores
611 4315 754 4372 homicidii
771 4333 891 4386 poenam
910 4315 1008 4371 noxius
1027 4313 1124 4369 arietis
1143 4309 1247 4370 damno
1265 4315 1323 4369 lue·

146 4404 210 4469 bat,
238 4404 313 4475 quod
330 4404 361 4458 in
380 4420 478 4473 regum
503 4403 614 4472 legibus
631 4402 747 4472 legitur.
776 4433 809 4442 -
827 4403 854 4473 5)
873 4401 919 4473 (de
937 4401 1066 4457 terminis
1086 4419 1219 4472 agrorum
1237 4401 1321 4472 legia-
