2954 5010
199 309 261 376 112
678 312 734 372 Lex
752 315 891 384 Quinctia.

284 544 317 558 ..
345 492 430 578 [viro
453 494 633 559 adulterum
663 496 696 558 in
722 518 819 562 uxore
842 520 900 562 sua
922 500 1173 584 deprehensum,
1206 526 1301 589 quem
1323 511 1369 571 aut

196 599 279 663 nolit
302 604 358 663 aut
381 622 445 663 non
468 600 573 678 liceat,
597 600 746 681 occidere,
771 603 906 668 retinere
929 606 1024 672 horas
1041 609 1171 674 diurnas
1188 616 1368 677 nocturnas·

196 727 257 789 que
289 706 456 768 continuas
485 727 550 770 non
581 706 653 789 plus
683 729 779 789 quam
809 706 884 792 XX]
918 714 1082 778 testandae
1113 716 1180 780 eius
1204 717 1251 781 rei
1273 717 1370 802 gratis

196 811 277 894 [sins
300 809 412 874 fraude
434 832 492 874 sus
513 811 583 874 iure
605 811 700 875 liceto
723 810 767 898 ..]

275 915 380 990 Eoop.
396 915 466 973 VII.
489 914 655 992 (Ulpianus
673 916 691 973 l.
706 917 750 974 ΙΙ
765 917 801 975 de
816 918 1005 980 adulteriis:
1027 922 1114 999 Legis
1128 922 1227 983 Iuliae
1240 924 1279 983 de
1293 925 1368 984 adul·

198 1011 279 1070 teriis
299 1010 395 1085 eapite
416 1010 542 1085 septimo
562 1013 606 1068 itu
624 1012 772 1090 caveturz)

284 1159 316 1176 ..
341 1131 381 1173 ne
404 1109 475 1193 quis
498 1109 583 1173 inter
605 1130 674 1173 reos
698 1109 816 1175 referat
838 1134 928 1192 enm,
958 1115 1014 1199 qui
1036 1120 1106 1180 tum
1128 1118 1198 1184 sine
1222 1118 1369 1184 detrecte-

196 1215 284 1279 tione
306 1215 352 1279 rei
375 1213 521 1297 publicae
544 1235 639 1278 ceusu
661 1214 764 1278 aberit
787 1265 820 1280 ..

285 1321 318 1378 Ε
327 1337 390 1393 cap.
401 1321 458 1378 ine.
479 1319 645 1394 (Ulpianus
660 1321 678 1377 1.
691 1318 745 1378 117
755 1320 791 1378 de
807 1321 995 1382 odnltmiis²:
1014 1357 1052 1367 —
1072 1325 1120 1384 lex
1134 1326 1178 1385 ita
1191 1327 1294 1387 locuta
1306 1330 1369 1403 est)

284 1467 291 1481 .
308 1468 315 1480 .
332 1467 339 1480 .
356 1417 426 1500 [qui
441 1439 572 1480 uxorem
594 1417 629 1479 in
644 1416 801 1481 adulterio
819 1418 1048 1502 deprehensam
1062 1424 1260 1510 retinuerit]‚
1285 1426 1367 1490 adul·

197 1531 301 1588 terum
323 1524 358 1586 in
380 1523 474 1587 domo
498 1521 730 1605 deprehensum
752 1523 919 1605 dimiserit,
943 1573 977 1591 ..

273 1718 323 1784 22.
359 1716 439 1782 Lex
462 1715 671 1792 Quinctia
693 1716 741 1781 de
764 1717 1115 1801 aquaeductibus
1148 1744 1177 1788 e„
1204 1723 1305 1790 745³.

282 1866 319 1932 Τ.
344 1866 510 1942 Quinctius
533 1863 698 1949 Crispinus
727 1866 861 1931 consul⁴
898 1868 1054 1952 populum
1075 1871 1145 1936 iure
1167 1874 1298 1959 rogavit
1319 1896 1370 1960 pc·

198 1972 355 2057 putusque
377 1972 446 2036 iure
469 1972 562 2036 scivit
584 1972 618 2034 in
641 1971 711 2036 foro
734 1995 793 2056 pro
816 1975 928 2039 rostris
951 1976 1037 2040 aedis
1060 1977 1126 2042 divi
1148 1977 1225 2044 Iulii
1246 1980 1370 2067 pr(idis)

198 2078 272 2166 [ki]
296 2076 405 2143 Iulias„
440 2076 573 2141 Tribus⁰
589 2074 702 2162 Sergia
717 2078 912 2163 principium
927 2080 1001 2161 fuit,
1023 2103 1083 2166 pro
1098 2084 1187 2149 tribu
1202 2083 1276 2154 Sex
1290 2135 1370 2154 .....

197 2183 231 2249 L.
255 2183 278 2249 f.
303 2182 400 2249 Virro
425 2183 560 2267 [primus
584 2182 717 2267 scivit⁷].

162 2311 186 2360 5.
283 2290 482 2374 Quicumque
506 2293 579 2373 post
601 2288 685 2353 hanc
707 2289 811 2374 legem
834 2295 983 2375 rogatam
1004 2291 1090 2357 rivos
1112 2316 1225 2378 specus
1238 2295 1371 2362 fornices

195 2395 320 2460 fistulas
351 2395 481 2460 tubulos
513 2395 643 2459 castella
673 2395 761 2459 lacus
794 2418 949 2479 aquarum
977 2396 1197 2480 publicarum,
1232 2423 1315 2486 quse
1335 2401 1371 2466 ad

195 2502 307 2566 urbem
331 2499 508 2587 [Romaffl]
533 2501 692 2564 ducuntur
716 2500 913 2584 [ducentur]‚
946 2501 1047 2566 sciens
1070 2503 1145 2568 dolo
1172 2504 1261 2570 malo
1288 2506 1370 2571 fors-

196 2607 277 2672 verit
309 2607 432 2690 ruperit
463 2606 598 2670 ferenda
629 2607 844 2688 rumpendave
876 2607 1036 2671 curaverit
1057 2609 1223 2692 peioravs⁹
1253 2611 1370 2690 fecerit,

196 2735 259 2797 quo
285 2713 390 2777 minus
414 2734 468 2776 eae
491 2711 626 2795 aquae¹⁰
657 2733 804 2775 earumve
828 2733 909 2795 quae
932 2713 1094 2797 qusqua¹¹
1116 2714 1151 2777 in
1173 2714 1288 2780 urbem
1311 2714 1371 2780 Ro-

145 2835 283 2888 lumem
305 2819 352 2881 ire
368 2818 478 2882 cadere
494 2815 625 2882 fluere¹2
647 2817 813 2900 pervenire
829 2816 933 2881 duoi¹³
951 2817 1089 2901 [possit]
1114 2841 1218 2902 quove
1233 2818 1371 2886 minus¹⁴

195 2923 229 2987 in
251 2924 330 2988 urbe
354 2922 457 2988 Roma
492 2928 523 2988 et
545 2924 579 2987 in
602 2923 641 2987 iis
665 2922 816 2987 aedificiis
833 2921 871 3000 ¹⁶,
905 2945 987 3007 ques
1008 2923 1153 2988 aedificio
1174 2924 1250 2990 urbi
1272 2925 1371 2991 conti-

196 3029 404 3108 nentiasssunt
427 3034 530 3109 erunt,
553 3030 587 3092 in
610 3028 638 3094 is
660 3028 763 3092 hortis
786 3029 923 3111 praediis
938 3028 1026 3109 locis,
1050 3052 1188 3114 quorum
1203 3029 1370 3096 hortorum

268 3191 292 3256 1)
310 3187 348 3243 D.
367 3185 690 3254 48‚5,16(15)‚1.2.-2)
708 3184 745 3240 D.
764 3185 939 3251 rs‚5,30(29),
955 3200 998 3253 pr.
1031 3183 1073 3254 Of.
1093 3185 1173 3240 Pani.
1191 3193 1259 3243 sent.
1278 3189 1372 3256 2,26,8.

197 3275 262 3330 ooli.
282 3279 377 3344 4,1„2‚7.
407 3305 439 3314 -
468 3274 493 3342 3)
513 3272 590 3326 Haeo
613 3273 655 3325 iem
672 3289 690 3326 o
709 3271 846 3325 Frontino
869 3273 900 3325 in
918 3271 1016 3325 istrum
1033 3271 1065 3326 de
1083 3273 1161 3342 aquis
1179 3275 1257 3330 nrbes
1275 3275 1374 3330 Romm

196 3383 216 3418 c.
236 3368 286 3418 129
304 3369 409 3432 receptu
427 3362 546 3416 omnium
561 3361 660 3429 populi
676 3359 797 3414 nomm
823 3361 909 3429 lepnm
926 3376 983 3413 nno
1001 3361 1106 3429 intepru
1123 3377 1184 3415 cnm
1197 3363 1284 3431 pleno
1296 3379 1372 3432 prce

194 3454 338 3520 emptione
355 3450 457 3505 trudito
469 3455 513 3504 est.
548 3448 659 3503 Tectum
671 3454 826 3516 coemptum
838 3448 985 3502 emendavit
1002 3454 1028 3502 et
1038 3449 1170 3517 supplevit
1181 3449 1330 3505 Buecheler
1345 3451 1373 3504 in

196 3542 235 3596 ed.
246 3540 377 3594 Ferentini
393 3556 418 3593 a.
428 3541 503 3605 1858,
522 3538 568 3592 sed
584 3553 649 3590 nsns
666 3538 845 3606 recopnitione
863 3536 927 3589 zion
937 3536 1089 3590 Ominensis
1105 3552 1161 3591 non
1171 3538 1283 3607 optineo,
1296 3554 1373 3607 mmm

195 3626 531 3695 emendomtjdenpieoitqne
552 3624 720 3693 Petschenip,
745 3623 852 3679 Wiener
870 3622 983 3678 Studien
1013 3626 1029 3676 6
1049 3625 1139 3690 (1884)
1161 3641 1191 3693 p.
1212 3628 1269 3680 249
1285 3642 1325 3695 sq.
1341 3655 1372 3664 -

195 3718 222 3785 4)
241 3719 271 3769 in
289 3714 483 3782 intonantes
501 3715 584 3766 trinm
602 3713 669 3779 (non
687 3713 757 3779 octo)
778 3712 929 3765 litterarmn
946 3711 1016 3764 nihii
1033 3711 1140 3766 minue
1156 3713 1330 3768 intercidisse.
1341 3742 1372 3752 -

194 3807 222 3874 5)
241 3805 268 3858 s.
287 3803 381 3871 senet.
411 3784 608 3870 :stem
627 3800 716 3854 cone.
745 3830 781 3838 -
800 3802 825 3865 n
843 3817 895 3870 pro
912 3799 990 3853 tribu
1007 3817 1061 3855 sex.
1082 3800 1101 3857 1.
1120 3800 1140 3856 f.
1159 3799 1237 3857 uitro
1255 3801 1372 3856 umen

193 3894 277 3948 nniiis
298 3890 564 3961 sionidcotmnoden.
585 3921 613 3928 -
636 3891 664 3959 8)
683 3889 744 3943 Hoc
762 3889 819 3942 loeo
838 3894 863 3942 et
880 3888 1001 3958 deinceps
1018 3889 1044 3942 si
1057 3904 1112 3956 qno
1122 3889 1374 3957 repertionem

195 3998 278 4037 uncos
304 3980 450 4049 quadratos
475 3993 559 4045 neone
578 3978 743 4031 contrarium
761 3977 920 4031 adnotatum
937 3983 990 4045 est,
1018 3976 1113 4030 addito
1129 3981 1193 4030 emt
1209 3992 1268 4032 non
1284 3977 1374 4032 tiam

195 4089 225 4126 eo
243 4071 301 4124 loco
319 4068 413 4123 codice.
433 4097 466 4106 —
486 4067 513 4129 9)
529 4066 687 4135 peioremve
707 4066 763 4119 cod.
782 4093 817 4105 -·
839 4066 881 4134 10)
899 4080 948 4119 ene
967 4063 1067 4134 eques]
1087 4081 1121 4118 ee
1139 4081 1173 4120 ea
1191 4082 1249 4136 qus
1268 4064 1326 4120 cod
1338 4093 1373 4109 ·-

197 4162 238 4227 11)
257 4156 380 4228 quaqua]
401 4155 557 4222 Mommsen,
577 4172 633 4223 que
650 4155 706 4211 cod.
725 4185 758 4194 —
779 4154 822 4223 12)
842 4152 904 4206 fluis
923 4154 979 4207 cod.
1000 4184 1033 4192 -
1054 4153 1096 4222 13)
1115 4151 1180 4208 duci
1199 4152 1257 4208 eod.
1276 4183 1311 4194 -
1331 4153 1372 4222 14)

138 4267 141 4274 ·
193 4266 294 4303 manus
312 4247 368 4301 cod.
389 4276 422 4285 —
443 4246 485 4314 15)
497 4244 628 4298 aedificiis
641 4243 797 4310 Mommsen,
816 4241 883 4298 loeis
893 4241 963 4309 θοοῦ)
984 4241 1014 4295 in
1025 4240 1059 4294 iis
1072 4239 1139 4295 locis
1152 4240 1287 4295 aedificiis
1301 4256 1373 4310 quse

194 4337 254 4391 loca
280 4333 407 4389 aedificia
433 4332 592 4400 Buecheler5
618 4332 664 4386 sed
682 4331 754 4400 qnod
776 4332 896 4399 seqnitur
920 4330 983 4384 urbi
1012 4328 1189 4410 continentis
1212 4329 1278 4383 solit
1301 4329 1372 4383 oedi-

192 4426 262 4498 fim'is
278 4431 349 4481 recte
366 4422 496 4480 conuenit.
1080 4416 1091 4457 -’
