2954 5010
687 295 792 352 Festus.
1278 307 1340 371 351

165 474 330 540 hominem
352 475 580 540 indemnatum.
626 473 677 538 Ita
699 475 796 541 fuisse
819 477 939 541 indicat
968 478 1019 542 lex
1042 477 1167 544 Numae
1190 481 1340 567 Pompilii

162 579 267 666 regis¹
291 580 341 643 his
365 579 539 663 composita
562 580 686 657 verbis3
710 579 754 646 ‘Si
778 582 834 665 qui
856 583 915 646 cet'
961 583 999 646 P.
1023 588 1101 650 221.

158 684 327 749 ‘Parum
349 685 516 749 cavisse
541 685 700 763 videri',
732 685 921 768 pronuntiat
951 688 1176 773 magistratus,
1207 713 1278 754 cum
1301 694 1338 756 de

156 789 301 856 consilii²
327 790 486 855 sententia
508 790 622 874 capitis
646 812 740 873 quem
764 791 1030 858 condemnaturus
1054 798 1110 860 est.
1157 795 1195 858 F.
1218 802 1294 861 238.

154 895 286 962 Pater
308 896 471 980 patrim
484 918 528 960 us
552 895 716 960 dicebatur
739 898 823 980 apud
847 898 1007 982 antiquos,
1032 899 1087 982 qui
1104 921 1175 964 cum
1191 901 1256 965 iam
1272 903 1338 986 ipse

156 1006 251 1086 pater
274 1005 366 1081 esset,
390 1001 530 1065 habebat
554 1001 742 1065 etiamtum
765 1007 900 1086 patrem.
947 1003 986 1067 F.
1009 1009 1085 1069 234.

156 1107 327 1190 [Patres
350 1105 576 1189 appelllantur,
602 1105 778 1189 exquibus
802 1111 930 1170 senatus
955 1109 1111 1190 [primam
1135 1113 1336 1192 compositam

155 1233 239 1276 num
261 1212 353 1275 initio
375 1211 476 1293 urbis]
509 1210 654 1274 conditae
676 1209 831 1276 Romulus
855 1212 878 1277 O
903 1214 1002 1295 [ciros
1025 1216 1111 1297 clepit
1128 1219 1337 1297 praestantis-

154 1315 279 1398 simos]
311 1337 447 1399 quorum
477 1315 609 1379 consilio
635 1319 731 1399 atque
756 1315 943 1402 [prudentio
965 1339 1014 1382 rec
1031 1320 1161 1400 publicu
1183 1321 1335 1405 ud]mini-

158 1425 333 1499 straretur;
356 1424 452 1504 atque
476 1420 514 1503 [u
530 1426 640 1501 putres
662 1421 737 1484 dicti
759 1427 840 1500 suut,
865 1420 952 1507 quic]
977 1445 1127 1508 agrorum
1149 1431 1256 1511 partes
1280 1427 1335 1491 ad-

160 1526 357 1609 [tribuerant
378 1523 591 1612 tenuioribus]
622 1527 752 1610 perinde
782 1549 818 1591 ac
842 1528 958 1592 liberis.
1005 1528 1043 1592 F.
1067 1535 1142 1596 246.
1188 1531 1334 1597 Patres

159 1635 323 1696 senatores
347 1631 417 1694 ideo
441 1630 593 1714 appellati
617 1636 702 1711 sunt,
727 1633 802 1716 quia
825 1655 975 1718 agrorum
998 1639 1105 1718 partes
1121 1637 1335 1702 attribuerent

155 1738 358 1802 tenuioribus
382 1759 418 1800 ac
442 1737 469 1800 si
492 1736 600 1801 liberis
624 1738 774 1821 propriis.
822 1739 860 1802 P.
884 1744 959 1803 247.

153 1843 373 1908 Patricios
397 1842 524 1907 Cincius
548 1844 593 1906 ait
617 1843 651 1906 in
673 1843 757 1908 libro
781 1843 818 1907 de
842 1844 979 1908 comitiis
1004 1867 1056 1910 eos
1080 1847 1235 1930 appellari
1258 1848 1334 1912 soli-

155 1954 220 2028 tos,
245 1947 300 2032 qui
323 1970 408 2011 nuno
429 1948 561 2032 ingenui
584 1952 746 2012 vocentur.
792 1948 831 2012 F.
854 1955 930 2013 241.

155 2053 378 2119 Patricius
409 2054 496 2117 vicus
521 2053 642 2119 Romae
670 2054 772 2118 dictus
796 2077 846 2133 eo,
881 2056 1032 2139 quodibi
1056 2057 1183 2140 patricii
1206 2058 1333 2122 habita-

155 2164 285 2239 verunt,
308 2160 438 2224 iubente
461 2158 587 2225 Servio³
611 2159 727 2239 Tullio,
752 2165 798 2239 ut,
822 2162 849 2225 si
873 2162 949 2246 quid
972 2162 1161 2226 molirentur
1184 2164 1334 2229 adversus

153 2266 272 2351 ipsum,
296 2288 334 2330 ex
356 2266 433 2329 locis
457 2266 672 2349 superioribus
696 2267 959 2350 opprimerentur.
1007 2269 1044 2331 P.
1068 2273 1145 2332 221.

152 2371 346 2435 Patrimi
370 2375 402 2435 et
423 2371 564 2434 matrimi
586 2370 694 2454 pueri4
717 2372 912 2454 praetextati
935 2376 999 2437 tres
1023 2371 1212 2437 nubentem⁵
1236 2373 1332 2436 dedu-

154 2479 243 2555 cunt,
267 2498 348 2539 unus
373 2477 428 2558 qui
450 2474 550 2539 facem
574 2475 715 2558 praefert
738 2499 776 2540 ex
799 2477 892 2560 spina
914 2477 997 2556 alba,
1022 2476 1097 2560 quia
1120 2481 1217 2541 noctu
1233 2478 1333 2541 nube-

152 2582 245 2660 bant,
271 2581 332 2644 duo
357 2581 412 2664 qui
435 2584 545 2645 tenent
566 2581 748 2646 nubentem.
795 2580 833 2644 F.
857 2587 932 2646 245.

153 2686 408 2752 Patrocinia
435 2686 590 2770 appellari
621 2692 733 2770 coepta
756 2691 847 2765 sunt,
880 2710 951 2751 cum
975 2685 1064 2771 plebs
1089 2686 1260 2751 distributa
1283 2693 1331 2752 est

152 2792 240 2856 inter
262 2795 379 2875 patres,
411 2796 578 2856 uteorum
603 2792 716 2875 opibus
739 2796 810 2856 tuta
834 2796 925 2856 esset.
971 2790 1009 2854 F.
1032 2797 1107 2856 233.
1155 2791 1209 2872 (P.
1234 2796 1329 2879 232.)

153 2896 378 2980 Patr[onus
409 2919 430 2960 a
447 2902 542 2978 putre
572 2916 627 2960 cur
650 2897 689 2959 ub
712 2897 852 2977 arationis
874 2893 991 2980 dictas]
1016 2895 1074 2973 sit,
1107 2897 1329 2961 manifestum:

153 3003 234 3088 quia
266 3003 315 3083 [at
348 3002 449 3081 liberi,
484 3003 530 3066 sic
559 3003 654 3066 ettam
677 3002 812 3084 clientes]
847 3000 1008 3065 numerari
1030 3001 1115 3065 inter
1138 3002 1330 3086 domesticos

154 3107 382 3191 quodammodo
401 3107 556 3189 possunt]
602 3106 640 3170 F.
664 3112 739 3171 253.

151 3213 388 3278 Peculatus
412 3217 460 3277 est
482 3234 565 3276 nunc
589 3212 716 3295 quidem
739 3209 982 3295 qualecumque⁶
1005 3210 1167 3293 publicum
1190 3209 1324 3288 furtum,

153 3318 207 3383 sed
231 3318 396 3380 inductum
419 3321 466 3381 est
488 3338 642 3400 apecore,
666 3320 703 3379 ut
718 3316 850 3399 pecunia
874 3337 998 3399 quoque
1013 3316 1092 3398 ipsa.
1127 3313 1212 3378 Iam⁷
1229 3315 1325 3377 etiam

152 3423 243 3489 noxii
264 3446 376 3507 pecore
399 3423 630 3500 multabantur,
655 3423 730 3505 quia
752 3444 854 3505 neque
870 3422 950 3484 aeris
967 3421 1069 3484 adhuc
1084 3443 1185 3504 neque
1201 3421 1327 3503 argenti

151 3533 219 3594 erat
253 3529 352 3612 copia.
413 3525 526 3610 ltaque
560 3548 707 3609 suprema
737 3525 839 3588 multa
870 3524 966 3588 etiam
1000 3547 1084 3588 nunc
1117 3525 1326 3608 appellatur⁸;

151 3635 188 3697 L.
211 3638 288 3698 213.
335 3632 388 3713 (P.
412 3635 506 3715 212.)

151 3739 387 3804 Peculatus
411 3738 532 3801 furtum
555 3736 718 3821 publicum
742 3734 803 3799 dici
826 3738 955 3818 coeptus
978 3739 1026 3798 est
1050 3757 1068 3798 a
1090 3757 1215 3818 pecore,
1252 3737 1327 3820 quia

150 3845 190 3909 ab
214 3866 251 3908 eo
274 3844 404 3907 initium
436 3844 502 3907 eius
525 3843 646 3907 fraudis
670 3863 736 3906 esse
758 3842 878 3924 coepit,
911 3841 1068 3925 siquidem
1098 3845 1172 3905 ante
1196 3864 1247 3906 aes
1271 3847 1326 3905 aut

148 3953 320 4036 argentum
353 3950 517 4033 signatum
548 3950 589 4014 ob
618 3949 733 4014 delicta
761 3969 863 4030 poena
886 3947 1075 4031 grauissima
1098 3951 1167 4010 erat
1190 3948 1324 4010 duarum

238 4125 265 4189 1)
285 4122 326 4191 Of.
346 4139 430 4191 supra
444 4140 473 4191 p.
493 4125 569 4190 10,12
586 4139 612 4175 a.
632 4126 658 4174 2.
688 4152 722 4159 -
750 4121 777 4188 2)
795 4119 919 4175 consiliis
938 4120 994 4173 cod.
1012 4150 1047 4158 -
1065 4119 1093 4187 3)
1112 4118 1226 4174 seruitio
1246 4119 1323 4185 GM,

149 4209 242 4265 seruio
264 4211 294 4263 T.
314 4243 346 4250 —
364 4211 392 4279 4)
411 4229 497 4281 puero
516 4211 572 4265 cod.
601 4241 624 4248 -
645 4212 671 4277 5)
689 4210 812 4263 nubente
831 4208 886 4262 cod.
905 4239 934 4248 -
953 4210 980 4276 6)
998 4209 1219 4277 qualemcunque
1240 4207 1269 4276 Q.
1290 4239 1322 4246 —

145 4303 173 4368 7)
189 4315 259 4352 nam
282 4298 402 4352 Ursinus.
422 4330 455 4338 -
474 4299 501 4367 8)
520 4315 576 4366 qua
596 4297 669 4350 XXX
685 4297 768 4351 boves
788 4298 816 4350 et
836 4294 855 4353 ll
867 4313 935 4351 ovea
955 4295 1181 4349 aestimabantur
1195 4296 1325 4350 amittunt

145 4387 317 4466 &mimmii
344 4385 378 4454 cf.
398 4386 427 4439 P.
448 4389 497 4439 144
516 4385 669 4440 Maximam
688 4385 818 4439 multam.
