2954 5010
539 301 640 356 Edicta
657 302 828 370 praetorum.
1210 300 1274 368 205

187 466 266 544 Qui
288 489 421 552 neque
443 466 683 549 sequantur
706 485 839 548 neque
860 464 1096 538 ducantur1.
1295 500 1357 536 na.

185 569 1378 664 Quibusexoausisinpossessionemeatur2.......·.i¹.'⁶sl.'si.¹’

153 679 264 762 (Qreod
286 698 356 744 eura
372 677 498 760 pupilla
521 679 710 740 eoutruetwm
733 675 798 754 eru,
830 676 860 739 si
882 696 915 741 eo
937 680 1062 745 nomiae
1082 702 1147 747 nou
1168 685 1273 769 defea-

127 789 202 864 dwr,
236 785 304 850 aas
325 784 373 848 ret
393 780 564 847 sanandae
586 799 682 844 eausa
706 780 787 843 bona
808 781 875 845 edus
892 784 1052 862 possideri
1073 788 1207 874 iubeto).
1246 793 1273 859 si

145 889 289 973 pupillus
312 888 347 952 in
364 909 454 952 suam
470 884 606 950 tutelam
621 884 744 948 venerit
760 905 835 948 eave
850 886 972 970 pupilla
987 889 1161 975 viripotens
1177 896 1274 962 luerit

149 997 237 1059 reete
259 991 462 1058 defendatur:
485 1012 548 1070 eos,
572 990 628 1074 qui
651 989 735 1053 bona
757 989 930 1073 possident,
954 993 992 1058 de
1006 1002 1204 1079 possessione
1219 1003 1273 1067 de-

127 1097 207 1164 rdere
228 1096 372 1164 iubebo³.

186 1205 216 1266 2.
254 1201 315 1280 Qui
338 1199 547 1266 fraudationis
570 1221 665 1264 eausa
688 1198 849 1277 latitabit,
882 1199 909 1263 si
932 1201 1008 1267 boni
1030 1206 1091 1270 viri
1114 1210 1272 1276 arbitratu

127 1329 161 1372 >n
186 1308 381 1387 defendetur,
405 1306 471 1371 eius
493 1306 578 1370 bona
600 1304 754 1388 possideri
778 1303 933 1389 vendique
954 1307 1096 1376 iubebo⁴.

186 1415 217 1478 3.
255 1410 316 1489 Qui
339 1412 451 1476 absens
473 1409 591 1475 iudicio
614 1409 760 1475 defensus
782 1430 846 1473 non
862 1409 986 1493 fuerin,
1010 1415 1093 1496 (eiua
1108 1419 1272 1503 tempos.

127 1518 198 1583 deri
218 1519 352 1603 iubebo),
379 1520 412 1582 et
433 1515 510 1595 eius,
532 1516 621 1580 ouius
644 1515 728 1579 bona
749 1535 893 1598 possessa
914 1522 990 1582 sunt
1013 1542 1032 1584 a
1053 1523 1271 1609 oreditoribus,

127 1626 254 1702 meant,
286 1625 507 1707 praeterquam
535 1620 652 1706 pupilli
682 1624 715 1686 et
746 1619 830 1702 eius,
866 1622 922 1705 qui
944 1623 990 1688 rei
1011 1627 1157 1709 publicae
1177 1653 1272 1698 eausa

127 1751 165 1795 ne
188 1729 270 1794 dolo·
283 1729 369 1794 malo
392 1727 500 1794 afuitl.

185 1836 216 1901 4.
241 1857 269 1899 a.
304 1833 363 1899 Oui
385 1833 477 1900 heres
499 1855 563 1898 non
586 1832 725 1898 extabit⁷
741 1882 853 1899 .....

184 1937 216 2003 b.
254 1937 304 2002 De
324 1937 393 2003 iure
416 1936 620 2003 deliberandi.
653 1935 688 2002 Si
710 1941 836 2021 tempus
859 1939 899 2004 ad
914 1940 1151 2009 deliberandum
1173 1950 1271 2031 petet,

127 2042 195 2108 ὼο8
220 2091 354 2108 ......

183 2170 209 2212 o.
247 2145 282 2212 si
309 2148 423 2232 pupilli
445 2146 587 2231 pupillae
617 2147 745 2212 nomine
767 2148 985 2232 postulabitur
1006 2155 1131 2236 tempus
1155 2155 1194 2219 ad
1217 2157 1271 2222 de-

127 2254 306 2334 serendum,
330 2277 371 2318 an
389 2252 535 2338 expediat
554 2275 626 2318 eum
640 2253 851 2318 hereditatem
867 2255 1013 2337 retinere,
1037 2262 1069 2322 et
1084 2259 1146 2324 hoo
1161 2261 1270 2327 datum

127 2363 154 2424 t:
178 2359 207 2425 si
228 2360 314 2425 iusta
336 2382 430 2425 eausa
453 2381 520 2424 esse
542 2359 712 2440 videbitur,
736 2359 820 2425 bona
842 2359 963 2425 interea
984 2362 1124 2428 deminui
1139 2366 1202 2430 nisi
1218 2364 1269 2454 [si]

127 2487 189 2530 usa
212 2465 342 2550 cognita
363 2465 441 2530 boni
463 2465 524 2530 viri
547 2465 707 2530 arbitratu
728 2465 871 2530 vetabo⁹.

182 2571 212 2635 d.
361 2570 395 2636 Si
417 2594 474 2655 per
496 2594 567 2636 eum
597 2594 705 2636 eamve
727 2572 848 2635 l‘aotum
870 2572 950 2653 erit,
982 2595 1045 2658 quo
1069 2574 1209 2659 quidex
1232 2598 1269 2640 ea

127 2677 271 2741 aerina
293 2676 535 2758 amoveretur¹⁰‚
560 2676 752 2758 (abstinendi
770 2682 952 2758 potestatem
973 2699 1036 2743 uon
1052 2680 1203 2767 focium).

182 2783 212 2846 5.
258 2782 339 2864 (Qui
360 2783 489 2864 capitati
512 2783 641 2847 erimine
663 2781 832 2846 domnolus
854 2780 970 2868 erit)¹¹.

180 2887 237 2951 De
259 2887 375 2951 bonis
392 2887 664 2968 possidendis
681 2887 1375 2970 proscribendisveoduodts¹².¹13;23323

158 2989 222 3068 Qui
244 3014 283 3057 ex
304 2992 405 3057 edicto
428 3015 498 3058 meo
520 2992 554 3057 in
576 2994 805 3077 possessionem
828 2993 982 3074 venerint,
1006 3017 1058 3059 eos
1078 2995 1125 3059 ita
1141 2996 1266 3061 videtur

149 3097 348 3181 possessione
370 3120 437 3163 esse
459 3102 614 3182 oportere.
651 3099 735 3181 quod
756 3098 874 3164 ibidem
897 3103 981 3165 recte
1002 3101 1161 3166 custodire
1175 3105 1266 3185 pote·

127 3206 178 3283 nt,
201 3204 235 3268 id
258 3203 375 3268 ibidem
397 3204 585 3268 custodiant.
624 3204 708 3287 quod
737 3226 801 3268 non
830 3208 999 3288 poterunt,
1032 3205 1066 3268 id
1088 3205 1212 3270 auferre
1234 3209 1266 3269 et

127 3308 247 3373 *ducere
270 3307 388 3373 licebit.
435 3309 598 3374 dominum
620 3309 758 3374 invitum
781 3310 946 3375 detrudere
967 3332 1031 3374 non
1054 3309 1201 3394 plaeet13.

135 3451 137 3456 .
178 3416 211 3478 2.
248 3463 382 3482 ......
414 3413 560 3499 Siquis,
592 3436 664 3478 oum
696 3415 731 3478 in
760 3416 956 3499 possessione
988 3416 1145 3480 bonorum
1173 3419 1265 3495 esset,

127 3575 301 3582 -------,-Ι

168 3676 197 3746 1)
217 3676 303 3732 Rutu.
321 3678 424 3732 extabat
442 3677 504 3731 Gai.
524 3677 561 3731 D.
579 3679 708 3744 50,14,48.
747 3676 790 3746 Of.
809 3677 845 3732 Ε.
864 3677 896 3733 Ρ.
912 3682 930 3744 §
947 3681 1008 3734 201.
1035 3708 1059 3718 ·-
1077 3680 1105 3745 2)
1124 3677 1210 3733 Rubr.
1227 3679 1264 3733 D.

127 3767 157 3823 ,4.
177 3795 212 3804 -
237 3763 264 3832 3)
283 3764 321 3819 D.
338 3767 460 3832 42‚4,5,2.
481 3796 512 3805 -
531 3767 558 3835 4)
577 3766 614 3820 D.
634 3768 755 3832 42‚4‚7,1.
794 3767 848 3820 Cio.
863 3783 916 3836 pro
936 3767 1061 3837 Quinctio
1078 3771 1170 3835 19,60:
1193 3766 1264 3822 edia-

127 3872 149 3907 n
176 3853 233 3922 ‘qui
251 3853 439 3909 fraudationis
458 3871 544 3908 eausa
562 3852 709 3908 latitarit.'
739 3885 772 3893 -
799 3853 1211 3925 adnumerationem.
1232 3886 1261 3893 —-

138 3941 177 3995 1).
198 3944 317 4010 aaran
348 3974 375 3982 --
408 3941 434 4011 v)
464 3941 517 3996 oa.
532 3958 586 4011 pro
605 3941 730 4011 Quaem
747 3944 832 4010 raso.
864 3973 897 3982 -
924 3942 952 4013 8)
971 3943 1009 3998 D.
1025 3946 1146 4011 aa,a‚1,1.
1175 3974 1208 3982 --
1236 3942 1264 4011 9)

143 4031 237 4096 28‚8‚7
250 4045 295 4098 pr.
328 4062 351 4068 ω
387 4031 429 4100 10)
447 4029 484 4084 D.
503 4033 645 4098 29,2,71,3.
665 4061 693 4072 -
720 4032 763 4100 ll)
787 4031 921 4086 Vetuatum
938 4031 1016 4085 allam
1033 4031 1181 4085 clausulam
1208 4028 1264 4098 ‘qui

127 4115 176 4170 tilii
203 4133 287 4170 eausa
310 4118 400 4172 solum
426 4117 553 4194 verterit’
581 4118 648 4186 (Oia.
669 4136 699 4188 p.
719 4118 844 4188 Quinctio
861 4118 950 4189 19,60)
977 4120 1008 4172 io
1035 4119 1148 4172 edietum
1170 4132 1263 4185 pape·

127 4223 160 4260 uu
177 4208 306 4261 transiere
323 4208 381 4261 oeni
398 4207 524 4261 dessimb
541 4213 587 4262 est.
620 4239 644 4246 -
679 4206 723 4277 12)
743 4206 785 4275 Cf.
805 4206 886 4262 Prob.
905 4208 983 4271 5‚24:
1014 4205 1047 4258 ‘b.
1068 4222 1088 4260 e.
1109 4222 1130 4259 e.
1150 4223 1177 4274 p.
1190 4223 1216 4274 p.
1236 4221 1263 4258 v.

127 4293 149 4348 i.
167 4316 205 4342 =
222 4294 297 4350 bona
320 4312 353 4350 ex
371 4296 456 4350 edieto
480 4294 616 4366 possideri
643 4295 778 4366 proscribi
796 4293 939 4363 ventrique
959 4291 1077 4347 iubebo.'
1114 4292 1175 4346 Gai.
1194 4294 1263 4361 3‚79.

141 4383 185 4456 13)
207 4381 261 4439 Oia.
275 4399 305 4451 p.
325 4383 453 4453 minato
470 4387 558 4452 27,84.
