2954 5010
192 299 227 362 4⁴
233 306 271 371 12
687 300 904 371 Agrimensores.

158 474 267 546 5·'bus
290 485 347 546 aut
369 480 527 565 Hispania
556 479 703 545 citeriore
733 476 890 542 Palatinis
920 481 952 542 et
974 476 1181 562 conpluribus
1206 477 1385 564 provinlciis

203 587 413 652 tributarium
437 587 539 650 solum
562 606 618 668 per
641 583 855 648 universatem
876 583 1003 667 populis
1026 586 1075 648 est
1096 583 1278 648 definitum.
1306 623 1342 632 -

294 692 383 776 Ager
406 695 454 756 est
477 690 728 768 arcifinius,
752 688 808 773 qui
830 687 920 752 nulla
942 710 1090 753 mensura
1112 689 1316 768 continetur3
1349 691 1384 754 fi-

203 798 297 862 nitur
320 797 492 863 secundum
507 795 670 877 antiquam
688 792 940 859 observationem
953 793 1149 875 fluminibus,
1172 794 1384 881 fossissgmon·

206 904 302 983 tibus
326 903 397 981 viis,
428 902 595 967 arboribus
619 904 692 964 ante
715 899 830 979 missis,
854 921 1009 982 aquarum
1031 898 1194 984 divergiis‚
1219 900 1304 980 etjsi
1327 924 1383 985 qua

167 1009 275 1072 o.loca
299 1031 317 1071 a
340 1011 446 1072 vetere
468 1006 662 1090 possessore¹
687 1008 860 1089 potuerunt
883 1003 1039 1088 optineri3
1070 1027 1145 1069 nam
1173 1005 1180 1092 )
1206 1028 1286 1092 ager
1308 1008 1383 1072 arci·

206 1113 311 1192 tinius,
336 1113 418 1178 sieut
442 1113 488 1176 ait
510 1109 630 1191 Varro,
662 1110 702 1174 ab
726 1109 867 1173 arcendis
889 1108 1036 1173 hostibus
1060 1113 1109 1174 est
1131 1110 1323 1195 appellatus.
1345 1149 1381 1159 —

207 1216 245 1280 Iu
268 1217 319 1281 his
344 1217 430 1302 agris
452 1215 577 1280 nullum
599 1215 649 1279 ius
672 1215 903 1280 subsicivorum
924 1215 1108 1280 intervenit.

294 1321 568 1388 Subsicivum
590 1325 648 1400 est,
673 1321 756 1404 quod
781 1320 1001 1385 asubsecente
1023 1319 1107 1384 linea
1123 1343 1241 1386 nomen
1257 1323 1380 1407 accepit.

205 1425 443 1491 Subsicivorum
474 1449 591 1512 genera
624 1429 699 1491 sunt
729 1425 809 1490 duo:
844 1448 962 1504 unum,
993 1424 1076 1508 quod
1099 1425 1132 1489 in
1154 1428 1308 1492 extremis
1330 1429 1381 1492 ad·

167 1532 405 1616 adgnatorum
429 1553 580 1616 agrorum
603 1531 721 1596 finibus
745 1530 888 1596 centuria
907 1528 912 1616 )
932 1529 1051 1614 expleri
1067 1552 1131 1595 uon
1147 1531 1276 1614 potuit3
1302 1534 1380 1598 aliud

201 1657 303 1720 genus
327 1638 570 1718 subsicivorum,
593 1638 678 1722 quod
700 1636 735 1701 in
758 1636 869 1702 mediis
892 1636 1169 1721 adsignationibus
1194 1642 1227 1702 et
1249 1640 1379 1725 integris

200 1743 352 1808 centuriis
374 1743 558 1809 intervenit.

662 1934 806 1991 Frontinus
826 1934 896 1991 liter
914 1935 942 1991 ΙΙ.

145 2063 187 2122 35.
293 2059 402 2125 Prima
426 2097 466 2106 -
491 2060 633 2126 condicio
650 2059 830 2144 possidendi
852 2060 931 2126 haec
949 2065 997 2126 est
1019 2059 1070 2126 acl
1094 2084 1150 2147 per
1166 2061 1307 2144 Italiam,
1329 2065 1376 2128 ubi

198 2166 309 2230 uullus
337 2187 413 2250 ager
438 2165 501 2230 est³
526 2165 733 2246 tributarius,
764 2167 818 2231 sed
841 2170 897 2230 aut
919 2167 1077 2231 colonicus
1101 2170 1158 2230 aut
1180 2169 1375 2253 municipalis

202 2275 258 2334 aut
280 2271 414 2335 alicuius
438 2270 560 2335 castelli
584 2274 640 2334 aut
663 2265 866 2334 conciliabuli
890 2274 946 2334 aut
968 2271 1068 2335 saltus
1093 2272 1223 2356 privati.
1271 2272 1332 2338 At⁴
1352 2274 1375 2337 si

200 2376 239 2438 ad
262 2376 442 2459 provincias
457 2376 672 2460 respiciamus,
695 2375 815 2440 habent
829 2397 924 2461 agros
942 2375 1098 2441 colonicos
1114 2376 1374 2467 eiusdemlfjiuris,

198 2480 320 2544 habent
341 2486 373 2545 et
395 2481 552 2545 colonicoe
577 2480 631 2563 qui
647 2484 723 2544 sunt
737 2479 912 2560 inmunes⁶‚
935 2480 1063 2562 habent}
1076 2487 1108 2546 et
1124 2482 1302 2548 colonicos⁷
1323 2484 1375 2548 sti·

197 2585 392 2667 pendiarios3
428 2585 548 2650 habent
582 2587 688 2649 autem
710 2583 892 2669 provinciae
914 2589 946 2650 et
973 2586 1180 2671 municipales
1204 2611 1300 2674 agros
1322 2594 1371 2654 aut

200 2690 378 2755 civitatium
401 2691 652 2774 peregrinarum.

146 2813 186 2864 36.
286 2796 330 2861 Et
353 2795 681 2880 stipendiarios
705 2794 844 2878 [quidem
866 2795 999 2860 dicimus
1021 2796 1068 2861 cel
1083 2797 1301 2883 tributarios}
1323 2800 1372 2884 qui

197 2922 314 2964 nexum
338 2922 402 2964 non
425 2901 545 2965 habent
577 2922 679 2985 neque
701 2900 907 2984 possidendo⁹
937 2901 977 2965 eb
1000 2901 1064 2966 alio
1087 2905 1199 2987 quaeri
1223 2910 1370 2990 possunt3

196 3004 436 3088 possidentur¹⁰
459 3009 566 3070 tamen
584 3005 762 3089 aprivetis,
778 3004 832 3070 sed
847 3007 910 3070 alia
926 3006 1153 3088 condicione¹¹‚
1180 3013 1213 3074 et
1229 3015 1371 3090 veneunt,

197 3109 252 3174 sed
275 3131 332 3173 nec
355 3109 557 3194 mancipatio·
575 3133 683 3175 eorum
706 3110 852 3196 legitima
873 3114 980 3195 potest
996 3135 1083 3191 esse3
1107 3116 1272 3198 possidere
1295 3118 1371 3182 enim

196 3214 262 3278 illis
287 3215 378 3297 quasi
400 3213 523 3278 fructus
547 3216 681 3280 tollendi
704 3238 797 3281 causa
816 3220 848 3281 et
863 3218 1045 3300 praestandi
1064 3219 1181 3285 tributi
1195 3222 1370 3287 condicione

196 3317 411 3384 concessum¹²
445 3325 501 3385 est.
549 3321 724 3386 Vindicant
755 3326 863 3387 tamen
892 3324 976 3389 inter
1002 3346 1035 3388 se
1063 3346 1129 3389 non
1161 3327 1269 3393 minus
1299 3329 1369 3393 fines

195 3446 235 3487 ex
259 3447 369 3509 aequo,
402 3426 489 3491 acsi
512 3427 711 3510 privatorum
735 3450 902 3513 agrorum3
926 3467 969 3476 -—
992 3451 1064 3493 nem
1090 3434 1122 3495 et
1145 3436 1369 3500 controversias

195 3527 280 3592 iuter
311 3553 344 3594 se
366 3531 446 3595 tales
469 3535 616 3609 movent,
650 3533 759 3617 quales
791 3532 825 3596 in
858 3533 945 3618 agris
968 3534 1174 3613 inmunibusfss'
1186 3541 1221 3602 et
1244 3539 1369 3623 privatis

194 3631 300 3695 solent
330 3634 464 3698 evenire.
509 3633 698 3699 Videbimus
731 3640 857 3717 tamen,
889 3660 930 3703 an
961 3639 1150 3706 interdicere
1180 3644 1255 3728 quis
1276 3645 1370 3729 possit

196 3736 236 3800 de
258 3737 410 3800 eiusmodi
433 3740 674 3820 possessionem.
697 3779 741 3788 -

288 3875 313 3943 1)
333 3891 350 3927 a
368 3876 462 3928 vetere
489 3893 644 3944 possessore
662 3877 788 3946 Luctum„
814 3882 880 3934 ante
898 3897 1053 3949 possessore
1071 3882 1256 3948 Mestrianus
1274 3886 1369 3953 codex),

195 3961 353 4029 antiquitus
373 3978 390 4014 a
407 3978 563 4030 possessore
580 3963 729 4033 Apeaaiue.
754 3995 787 4002 —
816 3966 843 4034 2)
862 3967 894 4019 ut
908 3969 1052 4034 proposuit
1070 3967 1184 4025 Lacbm.
1208 4003 1240 4012 —
1261 3975 1288 4041 3)
1308 3991 1369 4042 ager

196 4051 249 4120 est]
269 4050 415 4120 aingerum
434 4051 499 4105 Arc.
526 4082 560 4090 -
589 4054 617 4121 4)
636 4069 669 4106 ac
685 4053 749 4107 Arc.
772 4084 800 4092 -ν
825 4054 855 4124 5)
873 4055 1005 4126 eiusdem]
1026 4056 1141 4125 quidem
1159 4060 1226 4116 Arc.
1246 4093 1274 4104 -
1293 4065 1320 4130 6)
1335 4063 1369 4115 etc

196 4138 322 4207 Radorffi
342 4139 476 4194 colonioos
489 4139 666 4209 stipendiarii
684 4142 810 4210 quisunt
829 4143 860 4196 in
874 4159 1047 4198 communem
1058 4146 1123 4201 Arc.
1138 4178 1171 4188 —
1186 4150 1214 4218 7)
1225 4150 1367 4206 habentem

195 4229 223 4280 et
241 4226 346 4282 colonis
366 4227 430 4281 Arc.
450 4259 483 4266 —
503 4223 530 4295 8)
549 4227 664 4296 quidam
683 4229 710 4282 d.
730 4247 756 4284 u.
775 4231 811 4285 tr.
830 4247 880 4284 om.
899 4232 963 4285 Arc.
983 4262 1015 4270 ψ
1036 4232 1063 4302 9)
1083 4235 1249 4303 possidendi
1267 4241 1366 4296 Arc.-

197 4314 238 4381 10)
266 4314 362 4382 quaeri
391 4318 506 4383 possunt
524 4315 713 4386 possidentur]
738 4335 824 4386 quam
844 4319 988 4388 possident
1008 4323 1170 4390 possidente
1189 4327 1257 4383 Arc.
1280 4361 1306 4368 -
1331 4328 1367 4386 lll

194 4401 383 4457 condicionem
400 4402 465 4456 Arc.
484 4433 519 4442 -
543 4405 585 4473 12)
604 4404 727 4462 condicio
746 4422 874 4461 concessa
886 4408 951 4462 Arc.
971 4441 1005 4448 -
1027 4411 1073 4479 13)
1092 4414 1297 4480 possessionem
1308 4419 1366 4472 Arc
