2940 4996
556 959 862 1115 palarmo

392 1176 708 1246 nnlrlonls
746 1177 1018 1256 QUINrAn.

182 1567 327 1678 Litteris
359 1612 391 1674 et
412 1607 521 1673 amicis
543 1610 715 1692 postquam
745 1612 872 1693 ereptus
901 1611 949 1672 est
973 1606 1110 1677 Carolus
1134 1604 1291 1693 Georgius

110 1737 240 1819 Bruns,
270 1734 384 1798 horum
407 1735 473 1811 est,
506 1735 543 1796 ut
565 1735 722 1816 quantum
744 1730 813 1795 fieri
836 1733 943 1814 potest
973 1730 1007 1794 in
1030 1730 1158 1795 illarum
1182 1754 1288 1796 curam

109 1881 184 1922 eam
209 1857 387 1935 succedant,
412 1876 506 1940 quam
531 1855 598 1939 ipse
621 1853 842 1939 praestitisset,
866 1854 893 1917 si
908 1853 977 1918 fata
992 1855 1149 1919 sivissent.
1185 1855 1289 1932 Quam

109 1981 154 2046 ob
179 2002 249 2045 rem
271 1980 356 2045 iusta
377 1979 482 2044 faeere
505 1978 623 2058 amico,
647 1977 736 2042 cuius
759 1999 861 2063 angor
883 1977 1048 2057 desideri0,
1072 1978 1218 2063 equidem
1240 1978 1288 2042 ita

108 2103 249 2181 decrevi,
273 2105 311 2166 ut
332 2103 470 2167 fontium
493 2103 572 2167 iuris
596 2101 733 2167 Romani
756 2102 891 2187 antiqui,
915 2124 1051 2187 quorum
1075 2125 1146 2168 eum
1162 2107 1290 2168 auctore

107 2228 187 2292 vivo
210 2230 375 2312 tamquam
400 2228 576 2292 communis
598 2226 679 2292 mihi
695 2249 771 2291 cura
786 2226 858 2306 fuit,
881 2225 1024 2291 futuram
1038 2226 1290 2310 recognitionem

109 2353 144 2415 et
167 2350 442 2416 continuationem
464 2355 539 2435 post
560 2351 627 2417 eius
650 2351 774 2416 obitum
796 2351 1004 2415 immaturum
1026 2351 1060 2414 in
1082 2372 1134 2415 me
1149 2351 1289 2434 suscipe·

108 2496 191 2537 rem.
233 2472 344 2538 Prodit
368 2474 470 2559 igitur
495 2474 560 2538 iam
582 2474 725 2560 syllegae
748 2473 813 2538 eius
837 2473 934 2539 editio
957 2473 1070 2558 quinta
1102 2473 1180 2537 meis
1204 2471 1287 2537 curis

110 2600 208 2660 aucta
220 2599 253 2661 et
269 2595 417 2680 expolita.
446 2595 484 2660 In
500 2618 537 2661 ea
552 2618 648 2681 opera
663 2597 741 2661 duas
757 2617 805 2660 res
821 2599 945 2660 secutus
961 2618 1041 2675 sum,
1057 2595 1196 2680 primum
1207 2599 1244 2660 ut
1255 2595 1289 2659 in

108 2740 237 2784 summa
253 2740 286 2782 re
304 2717 428 2804 sylloge
443 2719 517 2783 talis
532 2723 683 2800 maneret,
700 2720 826 2805 qualem
842 2724 951 2785 auctor
967 2741 1033 2785 esse
1048 2719 1159 2800 voluit,
1176 2720 1288 2784 deinde

107 2846 146 2907 ut
170 2864 253 2926 quae
273 2842 388 2926 ipsum,
411 2842 438 2906 si
461 2841 607 2920 vixisset,
636 2843 875 2908 emendaturum
898 2842 948 2907 vel
971 2842 1166 2907 adiecturum
1189 2842 1287 2908 fuisse

108 2986 300 3050 persuasum
313 2963 425 3043 habeo,
441 2985 478 3027 ea
490 2966 638 3047 postuma
648 2963 708 3028 hae
720 2985 816 3048 opera
826 2967 1026 3028 mutarentur
1042 2967 1074 3028 et
1086 2964 1285 3030 adderentur.

200 3084 313 3169 Itaque
336 3107 416 3171 quae
439 3108 477 3150 ex
500 3087 711 3152 monumentis
733 3086 863 3152 librisve
886 3087 999 3172 selegit
1021 3087 1186 3168 Brunsius,
1220 3088 1286 3153 suis

108 3209 191 3274 locis
220 3207 336 3292 reliqui
363 3209 469 3273 omnia
494 3232 596 3295 neque
623 3210 793 3293 quiequam
819 3209 944 3288 sustuli,
975 3231 1167 3294 quamquam
1196 3214 1287 3275 erant

111 3353 195 3416 quae
225 3330 331 3394 omitti
354 3334 492 3414 possent.
538 3330 624 3396 Nam
652 3333 687 3395 in
710 3333 862 3396 eiusmodi
890 3333 1013 3397 delectu
1035 3354 1107 3397 cum
1129 3332 1193 3396 alia
1216 3333 1286 3397 aliis

110 3454 290 3538 probentur
312 3457 344 3518 et
364 3454 399 3517 in
423 3455 532 3519 multis
556 3477 663 3519 acasu
681 3455 784 3540 magis
805 3477 900 3539 quam
917 3477 935 3519 a
950 3454 1067 3519 iudicio
1082 3455 1185 3519 editor
1207 3477 1286 3538 pen-

112 3577 196 3656 deat,
220 3575 417 3641 committere
439 3576 537 3656 nolui,
561 3580 598 3640 ut
620 3597 701 3662 quae
723 3598 780 3660 per
804 3579 956 3661 quattuor
979 3576 1131 3640 editiones
1149 3575 1284 3641 circum·

116 3699 273 3776 feruntur,
296 3699 329 3761 in
353 3698 466 3782 quinta
487 3698 547 3763 hae
569 3698 830 3764 desiderarentur.

162 3860 164 3865 ·
200 3821 228 3886 Ε
252 3820 410 3885 contrario
432 3843 538 3886 meum
561 3844 627 3886 esse
650 3822 838 3900 existimari,
862 3824 899 3885 ut
915 3843 995 3906 quae
1010 3821 1044 3884 in
1059 3821 1120 3885 hoc
1138 3822 1285 3887 volumen

112 3947 239 4028 recepta
261 3947 345 4023 sunt,
368 3944 415 4007 ita
436 3943 484 4007 ibi
498 3943 658 4029 legantur,
681 3945 788 4029 utqui
804 3966 840 4008 eo
855 3944 960 4009 utitur
975 3947 1060 4009 certo
1076 3943 1285 4009 fundamento

113 4068 242 4131 insistat
264 4087 364 4148 neque
386 4066 546 4130 erroribus
568 4066 795 4131 coniecturisve
817 4065 924 4130 tacitis
944 4066 1083 4132 fallatur.
1119 4066 1220 4143 Quam
1244 4068 1284 4132 ob

114 4214 179 4255 rem
208 4195 277 4255 tam
309 4194 514 4255 monumenta
543 4212 637 4275 quam
661 4193 828 4255 auctorum
860 4189 945 4253 locos
969 4189 1007 4252 ad
1031 4189 1147 4272 probas
1170 4191 1283 4254 editio·

113 4336 166 4379 nes
188 4313 237 4378 ita
258 4312 437 4398 recognovi,
460 4316 497 4376 ut
522 4316 678 4397 quatenus
701 4314 782 4378 liber
804 4313 948 4399 pervenit
971 4313 1090 4377 tradita
1114 4312 1207 4377 lectio
1228 4319 1284 4380 aut
