<?xml version="1.0" encoding="UTF-8"?>
<!DOCTYPE html PUBLIC "-//W3C//DTD XHTML 1.0 Transitional//EN"
    "http://www.w3.org/TR/xhtml1/DTD/xhtml1-transitional.dtd">
<html xmlns="http://www.w3.org/1999/xhtml" xml:lang="en" lang="en">
 <head>
  <title>
</title>
<meta http-equiv="Content-Type" content="text/html;charset=utf-8" />
  <meta name='ocr-system' content='tesseract 3.04.00' />
  <meta name='ocr-capabilities' content='ocr_page ocr_carea ocr_par ocr_line ocrx_word'/>
</head>
<body>
  <div class='ocr_page' id='page_1' title='image "./fontesiurisroma00brungoog_0416.png"; bbox 0 0 2940 4996; ppageno 0'>
   <div class='ocr_carea' id='block_1_1' title="bbox 223 298 873 371">
    <p class='ocr_par' dir='ltr' id='par_1_1' title="bbox 223 298 873 371">
     <span class='ocr_line' id='line_1_1' title="bbox 223 298 873 371; baseline 0 -19"><span class='ocrx_word' id='word_1_1' title='bbox 223 305 288 371; x_wconf 82' lang='lat'><strong>394</strong></span> <span class='ocrx_word' id='word_1_2' title='bbox 730 298 873 355; x_wconf 83' lang='lat' dir='ltr'><strong>Asconius.</strong></span> 
     </span>
    </p>
   </div>
   <div class='ocr_carea' id='block_1_2' title="bbox 218 474 1411 3505">
    <p class='ocr_par' dir='ltr' id='par_1_2' title="bbox 222 474 1407 1825">
     <span class='ocr_line' id='line_1_2' title="bbox 222 474 1407 564; baseline -0.003 -20"><span class='ocrx_word' id='word_1_3' title='bbox 222 502 279 564; x_wconf 93' lang='lat' dir='ltr'><strong>per</strong></span> <span class='ocrx_word' id='word_1_4' title='bbox 301 480 455 564; x_wconf 91' lang='lat' dir='ltr'><strong>populum</strong></span> <span class='ocrx_word' id='word_1_5' title='bbox 478 477 603 562; x_wconf 85' lang='lat' dir='ltr'><strong>legibus</strong></span> <span class='ocrx_word' id='word_1_6' title='bbox 627 476 810 541; x_wconf 85' lang='lat' dir='ltr'><strong>solveretur.</strong></span> <span class='ocrx_word' id='word_1_7' title='bbox 849 474 940 549; x_wconf 76' lang='lat' dir='ltr'><strong>Quod</strong></span> <span class='ocrx_word' id='word_1_8' title='bbox 967 475 1101 559; x_wconf 90' lang='lat' dir='ltr'><strong>antiquo</strong></span> <span class='ocrx_word' id='word_1_9' title='bbox 1129 476 1328 560; x_wconf 90' lang='lat' dir='ltr'><strong>quoqueiure</strong></span> <span class='ocrx_word' id='word_1_10' title='bbox 1342 479 1407 541; x_wconf 87' lang='lat' dir='ltr'><strong>erat</strong></span> 
     </span>
     <span class='ocr_line' id='line_1_3' title="bbox 223 582 1405 668; baseline -0.003 -19"><span class='ocrx_word' id='word_1_11' title='bbox 223 588 370 662; x_wconf 82' lang='lat' dir='ltr'><strong>cautum3</strong></span> <span class='ocrx_word' id='word_1_12' title='bbox 386 585 495 668; x_wconf 88' lang='lat' dir='ltr'><strong>itaque</strong></span> <span class='ocrx_word' id='word_1_13' title='bbox 509 582 544 646; x_wconf 90' lang='lat' dir='ltr'><strong>in</strong></span> <span class='ocrx_word' id='word_1_14' title='bbox 560 584 707 648; x_wconf 90' lang='lat' dir='ltr'><strong>omnibus</strong></span> <span class='ocrx_word' id='word_1_15' title='bbox 719 587 847 648; x_wconf 88' lang='lat' dir='ltr'><strong>senatus</strong></span> <span class='ocrx_word' id='word_1_16' title='bbox 858 583 1022 662; x_wconf 86' lang='lat' dir='ltr'><strong>consultis,</strong></span> <span class='ocrx_word' id='word_1_17' title='bbox 1039 582 1155 665; x_wconf 92' lang='lat' dir='ltr'><strong>quibus</strong></span> <span class='ocrx_word' id='word_1_18' title='bbox 1172 582 1315 668; x_wconf 78' lang='lat' dir='ltr'><strong>aliquem</strong></span> <span class='ocrx_word' id='word_1_19' title='bbox 1329 583 1405 668; x_wconf 79' lang='lat' dir='ltr'><strong>legi-</strong></span> 
     </span>
     <span class='ocr_line' id='line_1_4' title="bbox 222 687 1405 773; baseline -0.002 -19"><span class='ocrx_word' id='word_1_20' title='bbox 222 691 281 755; x_wconf 91' lang='lat' dir='ltr'><strong>bus</strong></span> <span class='ocrx_word' id='word_1_21' title='bbox 305 689 387 754; x_wconf 80' lang='lat' dir='ltr'><strong>solvi</strong></span> <span class='ocrx_word' id='word_1_22' title='bbox 416 688 573 773; x_wconf 83' lang='lat' dir='ltr'><strong>placebat,</strong></span> <span class='ocrx_word' id='word_1_23' title='bbox 597 689 677 754; x_wconf 88' lang='lat' dir='ltr'><strong>adici</strong></span> <span class='ocrx_word' id='word_1_24' title='bbox 699 687 785 754; x_wconf 86' lang='lat' dir='ltr'><strong>erat¹</strong></span> <span class='ocrx_word' id='word_1_25' title='bbox 807 687 948 767; x_wconf 77' lang='lat' dir='ltr'><strong>solitum,</strong></span> <span class='ocrx_word' id='word_1_26' title='bbox 972 691 1009 752; x_wconf 93' lang='lat' dir='ltr'><strong>ut</strong></span> <span class='ocrx_word' id='word_1_27' title='bbox 1031 689 1070 753; x_wconf 91' lang='lat' dir='ltr'><strong>de</strong></span> <span class='ocrx_word' id='word_1_28' title='bbox 1092 711 1129 754; x_wconf 89' lang='lat' dir='ltr'><strong>ea</strong></span> <span class='ocrx_word' id='word_1_29' title='bbox 1144 711 1180 754; x_wconf 93' lang='lat' dir='ltr'><strong>re</strong></span> <span class='ocrx_word' id='word_1_30' title='bbox 1198 689 1240 753; x_wconf 91' lang='lat' dir='ltr'><strong>ad</strong></span> <span class='ocrx_word' id='word_1_31' title='bbox 1256 690 1405 773; x_wconf 90' lang='lat' dir='ltr'><strong>populum</strong></span> 
     </span>
     <span class='ocr_line' id='line_1_5' title="bbox 223 793 1407 878; baseline 0.001 -20"><span class='ocrx_word' id='word_1_32' title='bbox 223 794 382 872; x_wconf 84' lang='lat' dir='ltr'><strong>ferretur;</strong></span> <span class='ocrx_word' id='word_1_33' title='bbox 419 793 472 858; x_wconf 88' lang='lat' dir='ltr'><strong>sed</strong></span> <span class='ocrx_word' id='word_1_34' title='bbox 497 793 655 877; x_wconf 86' lang='lat' dir='ltr'><strong>paulatim</strong></span> <span class='ocrx_word' id='word_1_35' title='bbox 683 793 761 857; x_wconf 89' lang='lat' dir='ltr'><strong>ferri</strong></span> <span class='ocrx_word' id='word_1_36' title='bbox 783 796 852 857; x_wconf 88' lang='lat' dir='ltr'><strong>erat</strong></span> <span class='ocrx_word' id='word_1_37' title='bbox 874 793 1028 873; x_wconf 79' lang='lat' dir='ltr'><strong>desitum,</strong></span> <span class='ocrx_word' id='word_1_38' title='bbox 1060 816 1175 878; x_wconf 89' lang='lat' dir='ltr'><strong>resque</strong></span> <span class='ocrx_word' id='word_1_39' title='bbox 1196 794 1265 859; x_wconf 88' lang='lat' dir='ltr'><strong>iam</strong></span> <span class='ocrx_word' id='word_1_40' title='bbox 1287 794 1321 858; x_wconf 89' lang='lat' dir='ltr'><strong>in</strong></span> <span class='ocrx_word' id='word_1_41' title='bbox 1343 816 1407 859; x_wconf 88' lang='lat' dir='ltr'><strong>eam</strong></span> 
     </span>
     <span class='ocr_line' id='line_1_6' title="bbox 224 898 1401 982; baseline -0.002 -18"><span class='ocrx_word' id='word_1_42' title='bbox 224 898 483 964; x_wconf 86' lang='lat' dir='ltr'><strong>consuetudinem</strong></span> <span class='ocrx_word' id='word_1_43' title='bbox 513 902 659 978; x_wconf 84' lang='lat' dir='ltr'><strong>venerat,</strong></span> <span class='ocrx_word' id='word_1_44' title='bbox 692 901 729 960; x_wconf 90' lang='lat' dir='ltr'><strong>ut</strong></span> <span class='ocrx_word' id='word_1_45' title='bbox 752 900 912 981; x_wconf 91' lang='lat' dir='ltr'><strong>postremo</strong></span> <span class='ocrx_word' id='word_1_46' title='bbox 941 918 982 961; x_wconf 92' lang='lat' dir='ltr'><strong>ne</strong></span> <span class='ocrx_word' id='word_1_47' title='bbox 1011 898 1190 964; x_wconf 78' lang='lat' dir='ltr'>adiceretur</span> <span class='ocrx_word' id='word_1_48' title='bbox 1222 899 1351 982; x_wconf 91' lang='lat' dir='ltr'><strong>quidem</strong></span> <span class='ocrx_word' id='word_1_49' title='bbox 1371 900 1401 962; x_wconf 93' lang='lat' dir='ltr'><strong>in</strong></span> 
     </span>
     <span class='ocr_line' id='line_1_7' title="bbox 224 1001 1401 1089; baseline -0.001 -20"><span class='ocrx_word' id='word_1_50' title='bbox 224 1009 353 1069; x_wconf 87' lang='lat' dir='ltr'><strong>senatus</strong></span> <span class='ocrx_word' id='word_1_51' title='bbox 377 1004 528 1069; x_wconf 88' lang='lat' dir='ltr'><strong>consultis</strong></span> <span class='ocrx_word' id='word_1_52' title='bbox 551 1005 590 1068; x_wconf 91' lang='lat' dir='ltr'><strong>de</strong></span> <span class='ocrx_word' id='word_1_53' title='bbox 612 1002 778 1088; x_wconf 85' lang='lat' dir='ltr'><strong>rogatione</strong></span> <span class='ocrx_word' id='word_1_54' title='bbox 802 1003 840 1066; x_wconf 88' lang='lat' dir='ltr'><strong>ad</strong></span> <span class='ocrx_word' id='word_1_55' title='bbox 864 1001 1019 1086; x_wconf 92' lang='lat' dir='ltr'><strong>populum</strong></span> <span class='ocrx_word' id='word_1_56' title='bbox 1041 1003 1187 1084; x_wconf 87' lang='lat' dir='ltr'><strong>ferenda,</strong></span> <span class='ocrx_word' id='word_1_57' title='bbox 1212 1026 1314 1089; x_wconf 90' lang='lat' dir='ltr'><strong>eaque</strong></span> <span class='ocrx_word' id='word_1_58' title='bbox 1336 1004 1401 1088; x_wconf 85' lang='lat' dir='ltr'><strong>ipsa</strong></span> 
     </span>
     <span class='ocr_line' id='line_1_8' title="bbox 226 1107 1401 1194; baseline -0.002 -20"><span class='ocrx_word' id='word_1_59' title='bbox 226 1114 354 1175; x_wconf 89' lang='lat' dir='ltr'><strong>senatus</strong></span> <span class='ocrx_word' id='word_1_60' title='bbox 377 1109 521 1174; x_wconf 89' lang='lat' dir='ltr'><strong>consulta</strong></span> <span class='ocrx_word' id='word_1_61' title='bbox 544 1132 600 1194; x_wconf 92' lang='lat' dir='ltr'><strong>per</strong></span> <span class='ocrx_word' id='word_1_62' title='bbox 621 1109 773 1194; x_wconf 88' lang='lat' dir='ltr'><strong>pauculos</strong></span> <span class='ocrx_word' id='word_1_63' title='bbox 803 1109 973 1173; x_wconf 79' lang='lat' dir='ltr'><strong>admodum</strong></span> <span class='ocrx_word' id='word_1_64' title='bbox 1003 1108 1133 1173; x_wconf 84' lang='lat' dir='ltr'><strong>fiebant.</strong></span> <span class='ocrx_word' id='word_1_65' title='bbox 1178 1107 1318 1194; x_wconf 80' lang='lat' dir='ltr'><strong>Indigna</strong></span> <span class='ocrx_word' id='word_1_66' title='bbox 1338 1130 1401 1173; x_wconf 89' lang='lat' dir='ltr'><strong>eam</strong></span> 
     </span>
     <span class='ocr_line' id='line_1_9' title="bbox 224 1211 1398 1299; baseline -0.002 -20"><span class='ocrx_word' id='word_1_67' title='bbox 224 1214 351 1280; x_wconf 77' lang='lat' dir='ltr'><strong>Corneli</strong></span> <span class='ocrx_word' id='word_1_68' title='bbox 381 1215 581 1299; x_wconf 79' lang='lat' dir='ltr'><strong>rogationem</strong></span> <span class='ocrx_word' id='word_1_69' title='bbox 615 1214 757 1278; x_wconf 88' lang='lat' dir='ltr'><strong>tulerant</strong></span> <span class='ocrx_word' id='word_1_70' title='bbox 792 1213 1006 1297; x_wconf 78' lang='lat' dir='ltr'><strong>potentissimi</strong></span> <span class='ocrx_word' id='word_1_71' title='bbox 1039 1214 1158 1297; x_wconf 90' lang='lat' dir='ltr'><strong>quique</strong></span> <span class='ocrx_word' id='word_1_72' title='bbox 1193 1235 1234 1278; x_wconf 89' lang='lat' dir='ltr'><strong>ex</strong></span> <span class='ocrx_word' id='word_1_73' title='bbox 1266 1211 1398 1288; x_wconf 82' lang='lat' dir='ltr'><strong>senatu²,</strong></span> 
     </span>
     <span class='ocr_line' id='line_1_10' title="bbox 226 1316 1398 1405; baseline -0.002 -21"><span class='ocrx_word' id='word_1_74' title='bbox 226 1342 362 1404; x_wconf 90' lang='lat' dir='ltr'><strong>quorum</strong></span> <span class='ocrx_word' id='word_1_75' title='bbox 376 1321 483 1405; x_wconf 79' lang='lat' dir='ltr'><strong>gratia</strong></span> <span class='ocrx_word' id='word_1_76' title='bbox 498 1341 691 1405; x_wconf 82' lang='lat' dir='ltr'><strong>magnopere</strong></span> <span class='ocrx_word' id='word_1_77' title='bbox 713 1319 933 1396; x_wconf 86' lang='lat' dir='ltr'><strong>minuebatur;</strong></span> <span class='ocrx_word' id='word_1_78' title='bbox 956 1318 1067 1403; x_wconf 89' lang='lat' dir='ltr'><strong>itaque</strong></span> <span class='ocrx_word' id='word_1_79' title='bbox 1089 1317 1126 1382; x_wconf 93' lang='lat' dir='ltr'><strong>P.</strong></span> <span class='ocrx_word' id='word_1_80' title='bbox 1150 1317 1306 1384; x_wconf 83' lang='lat' dir='ltr'><strong>Servilius</strong></span> <span class='ocrx_word' id='word_1_81' title='bbox 1329 1316 1398 1384; x_wconf 80' lang='lat' dir='ltr'><strong>Glo-</strong></span> 
     </span>
     <span class='ocr_line' id='line_1_11' title="bbox 227 1422 1394 1509; baseline 0 -21"><span class='ocrx_word' id='word_1_82' title='bbox 227 1424 320 1488; x_wconf 90' lang='lat' dir='ltr'><strong>bulus</strong></span> <span class='ocrx_word' id='word_1_83' title='bbox 344 1425 418 1489; x_wconf 93' lang='lat' dir='ltr'><strong>trib.</strong></span> <span class='ocrx_word' id='word_1_84' title='bbox 442 1425 525 1509; x_wconf 86' lang='lat' dir='ltr'><strong>pleb.</strong></span> <span class='ocrx_word' id='word_1_85' title='bbox 548 1425 696 1490; x_wconf 86' lang='lat' dir='ltr'><strong>inventus</strong></span> <span class='ocrx_word' id='word_1_86' title='bbox 720 1427 798 1504; x_wconf 86' lang='lat' dir='ltr'><strong>erat,</strong></span> <span class='ocrx_word' id='word_1_87' title='bbox 822 1423 878 1507; x_wconf 92' lang='lat' dir='ltr'><strong>qui</strong></span> <span class='ocrx_word' id='word_1_88' title='bbox 901 1422 951 1488; x_wconf 75' lang='grc' dir='ltr'><strong>(λ8</strong></span> <span class='ocrx_word' id='word_1_89' title='bbox 969 1423 1115 1489; x_wconf 84' lang='lat' dir='ltr'><strong>Cornelio</strong></span> <span class='ocrx_word' id='word_1_90' title='bbox 1138 1424 1319 1490; x_wconf 90' lang='lat' dir='ltr'><strong>obsisteret.</strong></span> <span class='ocrx_word' id='word_1_91' title='bbox 1359 1422 1394 1504; x_wconf 86' lang='lat' dir='ltr'><strong>Is,</strong></span> 
     </span>
     <span class='ocr_line' id='line_1_12' title="bbox 223 1529 1392 1614; baseline -0.002 -20"><span class='ocrx_word' id='word_1_92' title='bbox 223 1529 278 1594; x_wconf 92' lang='lat' dir='ltr'><strong>ubi</strong></span> <span class='ocrx_word' id='word_1_93' title='bbox 306 1530 388 1614; x_wconf 86' lang='lat' dir='ltr'><strong>legis</strong></span> <span class='ocrx_word' id='word_1_94' title='bbox 413 1530 564 1595; x_wconf 88' lang='lat' dir='ltr'><strong>ferundae</strong></span> <span class='ocrx_word' id='word_1_95' title='bbox 587 1531 651 1596; x_wconf 90' lang='lat' dir='ltr'><strong>dies</strong></span> <span class='ocrx_word' id='word_1_96' title='bbox 675 1531 762 1596; x_wconf 82' lang='lat' dir='ltr'><strong>venit</strong></span> <span class='ocrx_word' id='word_1_97' title='bbox 790 1536 823 1596; x_wconf 91' lang='lat' dir='ltr'><strong>et</strong></span> <span class='ocrx_word' id='word_1_98' title='bbox 846 1550 959 1614; x_wconf 90' lang='lat' dir='ltr'><strong>praeco</strong></span> <span class='ocrx_word' id='word_1_99' title='bbox 982 1529 1158 1595; x_wconf 84' lang='lat' dir='ltr'><strong>subiciente</strong></span> <span class='ocrx_word' id='word_1_100' title='bbox 1180 1529 1287 1594; x_wconf 88' lang='lat' dir='ltr'><strong>scriba</strong></span> <span class='ocrx_word' id='word_1_101' title='bbox 1309 1529 1392 1593; x_wconf 87' lang='lat' dir='ltr'><strong>verba</strong></span> 
     </span>
     <span class='ocr_line' id='line_1_13' title="bbox 225 1635 1389 1720; baseline 0 -22"><span class='ocrx_word' id='word_1_102' title='bbox 225 1635 306 1719; x_wconf 84' lang='lat' dir='ltr'><strong>legis</strong></span> <span class='ocrx_word' id='word_1_103' title='bbox 330 1635 464 1700; x_wconf 88' lang='lat' dir='ltr'><strong>recitare</strong></span> <span class='ocrx_word' id='word_1_104' title='bbox 486 1635 604 1719; x_wconf 91' lang='lat' dir='ltr'><strong>populo</strong></span> <span class='ocrx_word' id='word_1_105' title='bbox 627 1635 747 1718; x_wconf 85' lang='lat' dir='ltr'><strong>coepit,</strong></span> <span class='ocrx_word' id='word_1_106' title='bbox 782 1639 814 1700; x_wconf 93' lang='lat' dir='ltr'><strong>et</strong></span> <span class='ocrx_word' id='word_1_107' title='bbox 836 1635 974 1700; x_wconf 86' lang='lat' dir='ltr'><strong>scribam</strong></span> <span class='ocrx_word' id='word_1_108' title='bbox 995 1635 1138 1701; x_wconf 86' lang='lat' dir='ltr'><strong>subicere</strong></span> <span class='ocrx_word' id='word_1_109' title='bbox 1161 1639 1194 1700; x_wconf 91' lang='lat' dir='ltr'><strong>et</strong></span> <span class='ocrx_word' id='word_1_110' title='bbox 1219 1657 1389 1720; x_wconf 77' lang='lat' dir='ltr'><strong>praeconem</strong></span> 
     </span>
     <span class='ocr_line' id='line_1_14' title="bbox 226 1738 1387 1825; baseline 0.001 -22"><span class='ocrx_word' id='word_1_111' title='bbox 226 1740 433 1824; x_wconf 88' lang='lat' dir='ltr'><strong>pronuntiare</strong></span> <span class='ocrx_word' id='word_1_112' title='bbox 455 1762 566 1823; x_wconf 88' lang='lat' dir='ltr'><strong>passus</strong></span> <span class='ocrx_word' id='word_1_113' title='bbox 589 1761 653 1804; x_wconf 91' lang='lat' dir='ltr'><strong>non</strong></span> <span class='ocrx_word' id='word_1_114' title='bbox 677 1743 733 1804; x_wconf 88' lang='lat' dir='ltr'><strong>est.</strong></span> <span class='ocrx_word' id='word_1_115' title='bbox 780 1738 861 1803; x_wconf 84' lang='lat' dir='ltr'><strong>Tum</strong></span> <span class='ocrx_word' id='word_1_116' title='bbox 879 1739 1043 1806; x_wconf 83' lang='lat' dir='ltr'><strong>Cornelius</strong></span> <span class='ocrx_word' id='word_1_117' title='bbox 1066 1741 1134 1825; x_wconf 88' lang='lat' dir='ltr'><strong>ipse</strong></span> <span class='ocrx_word' id='word_1_118' title='bbox 1156 1740 1298 1806; x_wconf 76' lang='lat' dir='ltr'><strong>codicem</strong></span> <span class='ocrx_word' id='word_1_119' title='bbox 1323 1740 1387 1805; x_wconf 91' lang='lat' dir='ltr'><strong>reci-</strong></span> 
     </span>
    </p>

    <p class='ocr_par' dir='ltr' id='par_1_3' title="bbox 226 1843 1385 1930">
     <span class='ocr_line' id='line_1_15' title="bbox 226 1843 1385 1930; baseline 0 -21"><span class='ocrx_word' id='word_1_120' title='bbox 226 1846 316 1910; x_wconf 87' lang='lat' dir='ltr'><strong>tavit.</strong></span> <span class='ocrx_word' id='word_1_121' title='bbox 352 1843 443 1920; x_wconf 83' lang='lat' dir='ltr'><strong>Quod</strong></span> <span class='ocrx_word' id='word_1_122' title='bbox 464 1866 535 1909; x_wconf 87' lang='lat' dir='ltr'><strong>cum</strong></span> <span class='ocrx_word' id='word_1_123' title='bbox 551 1844 694 1929; x_wconf 88' lang='lat' dir='ltr'><strong>improbe</strong></span> <span class='ocrx_word' id='word_1_124' title='bbox 717 1845 786 1909; x_wconf 88' lang='lat' dir='ltr'><strong>fieri</strong></span> <span class='ocrx_word' id='word_1_125' title='bbox 802 1843 852 1910; x_wconf 65' lang='grc'><strong>(3.3</strong></span> <span class='ocrx_word' id='word_1_126' title='bbox 870 1845 945 1910; x_wconf 90' lang='lat' dir='ltr'><strong>Piso</strong></span> <span class='ocrx_word' id='word_1_127' title='bbox 968 1845 1079 1910; x_wconf 90' lang='lat' dir='ltr'><strong>consul</strong></span> <span class='ocrx_word' id='word_1_128' title='bbox 1099 1845 1304 1912; x_wconf 85' lang='lat' dir='ltr'><strong>vehementer</strong></span> <span class='ocrx_word' id='word_1_129' title='bbox 1325 1868 1385 1930; x_wconf 89' lang='lat' dir='ltr'><strong>que·</strong></span> 
     </span>
    </p>

    <p class='ocr_par' dir='ltr' id='par_1_4' title="bbox 222 1949 1383 2037">
     <span class='ocr_line' id='line_1_16' title="bbox 222 1949 1383 2037; baseline -0.002 -21"><span class='ocrx_word' id='word_1_130' title='bbox 222 1955 345 2018; x_wconf 88' lang='lat' dir='ltr'><strong>reretur</strong></span> <span class='ocrx_word' id='word_1_131' title='bbox 368 1949 544 2037; x_wconf 75' lang='lat' dir='ltr'><strong>[tollique4]</strong></span> <span class='ocrx_word' id='word_1_132' title='bbox 569 1952 774 2016; x_wconf 88' lang='lat' dir='ltr'><strong>tribuniciam</strong></span> <span class='ocrx_word' id='word_1_133' title='bbox 796 1951 1052 2017; x_wconf 84' lang='lat' dir='ltr'><strong>intercessionem</strong></span> <span class='ocrx_word' id='word_1_134' title='bbox 1068 1952 1196 2032; x_wconf 80' lang='lat' dir='ltr'><strong>diceret,</strong></span> <span class='ocrx_word' id='word_1_135' title='bbox 1221 1951 1313 2037; x_wconf 83' lang='lat' dir='ltr'><strong>gravi</strong></span> <span class='ocrx_word' id='word_1_136' title='bbox 1325 1973 1383 2015; x_wconf 90' lang='lat' dir='ltr'><strong>con·</strong></span> 
     </span>
    </p>

    <p class='ocr_par' dir='ltr' id='par_1_5' title="bbox 223 2056 1381 2142">
     <span class='ocr_line' id='line_1_17' title="bbox 223 2056 1381 2142; baseline -0.001 -22"><span class='ocrx_word' id='word_1_137' title='bbox 223 2058 304 2121; x_wconf 90' lang='lat' dir='ltr'><strong>vicio</strong></span> <span class='ocrx_word' id='word_1_138' title='bbox 327 2056 479 2140; x_wconf 87' lang='lat' dir='ltr'><strong>apopulo</strong></span> <span class='ocrx_word' id='word_1_139' title='bbox 502 2060 651 2139; x_wconf 87' lang='lat' dir='ltr'><strong>exceptus</strong></span> <span class='ocrx_word' id='word_1_140' title='bbox 675 2060 732 2136; x_wconf 79' lang='lat' dir='ltr'><strong>est,</strong></span> <span class='ocrx_word' id='word_1_141' title='bbox 758 2095 798 2102; x_wconf 89' lang='lat'><strong>—</strong></span> <span class='ocrx_word' id='word_1_142' title='bbox 822 2057 1006 2142; x_wconf 79' lang='lat' dir='ltr'><strong>lapidesque</strong></span> <span class='ocrx_word' id='word_1_143' title='bbox 1028 2058 1125 2122; x_wconf 86' lang='lat' dir='ltr'><strong>etiam</strong></span> <span class='ocrx_word' id='word_1_144' title='bbox 1143 2079 1182 2121; x_wconf 80' lang='lat' dir='ltr'><strong>ex</strong></span> <span class='ocrx_word' id='word_1_145' title='bbox 1196 2057 1311 2122; x_wconf 89' lang='lat' dir='ltr'><strong>ultima</strong></span> <span class='ocrx_word' id='word_1_146' title='bbox 1324 2078 1381 2120; x_wconf 89' lang='lat' dir='ltr'><strong>oon-</strong></span> 
     </span>
    </p>

    <p class='ocr_par' dir='ltr' id='par_1_6' title="bbox 221 2162 1378 2246">
     <span class='ocr_line' id='line_1_18' title="bbox 221 2162 1378 2246; baseline -0.002 -21"><span class='ocrx_word' id='word_1_147' title='bbox 221 2163 308 2226; x_wconf 89' lang='lat' dir='ltr'><strong>tione</strong></span> <span class='ocrx_word' id='word_1_148' title='bbox 327 2164 361 2226; x_wconf 94' lang='lat' dir='ltr'><strong>in</strong></span> <span class='ocrx_word' id='word_1_149' title='bbox 377 2162 537 2226; x_wconf 90' lang='lat' dir='ltr'><strong>consulem</strong></span> <span class='ocrx_word' id='word_1_150' title='bbox 560 2163 645 2241; x_wconf 84' lang='lat' dir='ltr'><strong>iacti,</strong></span> <span class='ocrx_word' id='word_1_151' title='bbox 670 2184 732 2246; x_wconf 92' lang='lat' dir='ltr'><strong>quo</strong></span> <span class='ocrx_word' id='word_1_152' title='bbox 750 2162 892 2227; x_wconf 84' lang='lat' dir='ltr'><strong>tumultu</strong></span> <span class='ocrx_word' id='word_1_153' title='bbox 907 2162 1071 2227; x_wconf 77' lang='lat' dir='ltr'><strong>Cornelius</strong></span> <span class='ocrx_word' id='word_1_154' title='bbox 1094 2162 1301 2246; x_wconf 84' lang='lat' dir='ltr'><strong>perturbatus</strong></span> <span class='ocrx_word' id='word_1_155' title='bbox 1321 2182 1378 2225; x_wconf 88' lang='lat' dir='ltr'><strong>con-</strong></span> 
     </span>
    </p>

    <p class='ocr_par' dir='ltr' id='par_1_7' title="bbox 220 2266 1378 2348">
     <span class='ocr_line' id='line_1_19' title="bbox 220 2266 1378 2348; baseline -0.002 -19"><span class='ocrx_word' id='word_1_156' title='bbox 220 2266 330 2330; x_wconf 90' lang='lat' dir='ltr'><strong>cilium</strong></span> <span class='ocrx_word' id='word_1_157' title='bbox 361 2267 564 2331; x_wconf 88' lang='lat' dir='ltr'><strong>dimisit...</strong></span> <span class='ocrx_word' id='word_1_158' title='bbox 596 2267 714 2330; x_wconf 83' lang='lat' dir='ltr'><strong>Actum</strong></span> <span class='ocrx_word' id='word_1_159' title='bbox 745 2267 857 2332; x_wconf 91' lang='lat' dir='ltr'><strong>deinde</strong></span> <span class='ocrx_word' id='word_1_160' title='bbox 889 2268 995 2332; x_wconf 88' lang='lat' dir='ltr'><strong>eadem</strong></span> <span class='ocrx_word' id='word_1_161' title='bbox 1026 2269 1065 2333; x_wconf 93' lang='lat' dir='ltr'><strong>de</strong></span> <span class='ocrx_word' id='word_1_162' title='bbox 1087 2288 1121 2332; x_wconf 91' lang='lat' dir='ltr'><strong>re</strong></span> <span class='ocrx_word' id='word_1_163' title='bbox 1143 2267 1179 2331; x_wconf 93' lang='lat' dir='ltr'><strong>in</strong></span> <span class='ocrx_word' id='word_1_164' title='bbox 1201 2272 1312 2333; x_wconf 88' lang='lat' dir='ltr'><strong>senatu</strong></span> <span class='ocrx_word' id='word_1_165' title='bbox 1332 2267 1378 2348; x_wconf 82' lang='lat' dir='ltr'><strong>[est</strong></span> 
     </span>
    </p>

    <p class='ocr_par' dir='ltr' id='par_1_8' title="bbox 223 2369 1379 2457">
     <span class='ocr_line' id='line_1_20' title="bbox 223 2369 1379 2457; baseline 0.001 -23"><span class='ocrx_word' id='word_1_166' title='bbox 223 2371 362 2457; x_wconf 83' lang='lat' dir='ltr'><strong>magnis]</strong></span> <span class='ocrx_word' id='word_1_167' title='bbox 387 2372 654 2437; x_wconf 87' lang='lat' dir='ltr'><strong>contentionibus.</strong></span> <span class='ocrx_word' id='word_1_168' title='bbox 699 2370 782 2435; x_wconf 85' lang='lat' dir='ltr'><strong>Tum</strong></span> <span class='ocrx_word' id='word_1_169' title='bbox 805 2369 968 2436; x_wconf 77' lang='lat' dir='ltr'><strong>Cornelius</strong></span> <span class='ocrx_word' id='word_1_170' title='bbox 991 2372 1038 2436; x_wconf 89' lang='lat' dir='ltr'><strong>ita</strong></span> <span class='ocrx_word' id='word_1_171' title='bbox 1064 2370 1148 2436; x_wconf 87' lang='lat' dir='ltr'><strong>ferre</strong></span> <span class='ocrx_word' id='word_1_172' title='bbox 1173 2371 1307 2456; x_wconf 88' lang='lat' dir='ltr'><strong>[rursus]</strong></span> <span class='ocrx_word' id='word_1_173' title='bbox 1328 2391 1379 2435; x_wconf 77' lang='lat' dir='ltr'><strong>coe</strong></span> 
     </span>
    </p>

    <p class='ocr_par' dir='ltr' id='par_1_9' title="bbox 218 2468 1380 2563">
     <span class='ocr_line' id='line_1_21' title="bbox 218 2468 1380 2563; baseline 0 -25"><span class='ocrx_word' id='word_1_174' title='bbox 218 2476 276 2559; x_wconf 78' lang='lat' dir='ltr'><strong>pit,</strong></span> <span class='ocrx_word' id='word_1_175' title='bbox 299 2498 341 2540; x_wconf 92' lang='lat' dir='ltr'><strong>ne</strong></span> <span class='ocrx_word' id='word_1_176' title='bbox 364 2478 434 2562; x_wconf 89' lang='lat' dir='ltr'><strong>quis</strong></span> <span class='ocrx_word' id='word_1_177' title='bbox 458 2478 492 2541; x_wconf 91' lang='lat' dir='ltr'><strong>in</strong></span> <span class='ocrx_word' id='word_1_178' title='bbox 517 2481 629 2542; x_wconf 88' lang='lat' dir='ltr'><strong>senatu</strong></span> <span class='ocrx_word' id='word_1_179' title='bbox 651 2478 775 2562; x_wconf 84' lang='lat' dir='ltr'><strong>legibus</strong></span> <span class='ocrx_word' id='word_1_180' title='bbox 799 2477 991 2556; x_wconf 83' lang='lat' dir='ltr'><strong>solveretur,</strong></span> <span class='ocrx_word' id='word_1_181' title='bbox 1021 2476 1084 2540; x_wconf 90' lang='lat' dir='ltr'><strong>nisi</strong></span> <span class='ocrx_word' id='word_1_182' title='bbox 1107 2475 1171 2563; x_wconf 74' lang='lat' dir='ltr'><strong>[OG</strong></span> <span class='ocrx_word' id='word_1_183' title='bbox 1192 2499 1260 2542; x_wconf 91' lang='lat' dir='ltr'><strong>non</strong></span> <span class='ocrx_word' id='word_1_184' title='bbox 1281 2468 1380 2554; x_wconf 81' lang='lat' dir='ltr'><strong>minusl</strong></span> 
     </span>
    </p>

    <p class='ocr_par' dir='ltr' id='par_1_10' title="bbox 221 2580 1382 2667">
     <span class='ocr_line' id='line_1_22' title="bbox 221 2580 1382 2667; baseline -0.001 -24"><span class='ocrx_word' id='word_1_185' title='bbox 221 2580 408 2661; x_wconf 83' lang='lat' dir='ltr'><strong>adfuissent,</strong></span> <span class='ocrx_word' id='word_1_186' title='bbox 435 2605 514 2647; x_wconf 85' lang='lat' dir='ltr'><strong>neve</strong></span> <span class='ocrx_word' id='word_1_187' title='bbox 537 2583 618 2667; x_wconf 85' lang='lat' dir='ltr'><strong>quis,</strong></span> <span class='ocrx_word' id='word_1_188' title='bbox 641 2605 710 2646; x_wconf 90' lang='lat' dir='ltr'><strong>cum</strong></span> <span class='ocrx_word' id='word_1_189' title='bbox 737 2581 821 2666; x_wconf 87' lang='lat' dir='ltr'><strong>[quis</strong></span> <span class='ocrx_word' id='word_1_190' title='bbox 844 2582 890 2646; x_wconf 90' lang='lat' dir='ltr'><strong>ita</strong></span> <span class='ocrx_word' id='word_1_191' title='bbox 905 2581 1041 2665; x_wconf 84' lang='lat' dir='ltr'><strong>solutus]</strong></span> <span class='ocrx_word' id='word_1_192' title='bbox 1066 2587 1158 2662; x_wconf 80' lang='lat' dir='ltr'><strong>esset,</strong></span> <span class='ocrx_word' id='word_1_193' title='bbox 1181 2580 1382 2652; x_wconf 71' lang='lat' dir='ltr'><strong>intercederet,</strong></span> 
     </span>
    </p>

    <p class='ocr_par' dir='ltr' id='par_1_11' title="bbox 218 2684 1387 2772">
     <span class='ocr_line' id='line_1_23' title="bbox 218 2684 1387 2772; baseline 0.002 -24"><span class='ocrx_word' id='word_1_194' title='bbox 218 2707 291 2749; x_wconf 90' lang='lat' dir='ltr'><strong>cum</strong></span> <span class='ocrx_word' id='word_1_195' title='bbox 314 2685 351 2750; x_wconf 91' lang='lat' dir='ltr'><strong>de</strong></span> <span class='ocrx_word' id='word_1_196' title='bbox 367 2710 403 2750; x_wconf 92' lang='lat' dir='ltr'><strong>ea</strong></span> <span class='ocrx_word' id='word_1_197' title='bbox 418 2709 452 2751; x_wconf 92' lang='lat' dir='ltr'><strong>re</strong></span> <span class='ocrx_word' id='word_1_198' title='bbox 475 2688 530 2770; x_wconf 87' lang='lat' dir='ltr'><strong>[ad</strong></span> <span class='ocrx_word' id='word_1_199' title='bbox 545 2688 713 2772; x_wconf 71' lang='lat' dir='ltr'><strong>populum]</strong></span> <span class='ocrx_word' id='word_1_200' title='bbox 729 2687 859 2751; x_wconf 83' lang='lat' dir='ltr'><strong>feretur.</strong></span> <span class='ocrx_word' id='word_1_201' title='bbox 893 2684 981 2750; x_wconf 89' lang='lat' dir='ltr'><strong>Haec</strong></span> <span class='ocrx_word' id='word_1_202' title='bbox 995 2686 1063 2750; x_wconf 89' lang='lat' dir='ltr'><strong>sine</strong></span> <span class='ocrx_word' id='word_1_203' title='bbox 1078 2687 1223 2751; x_wconf 90' lang='lat' dir='ltr'><strong>tumultu</strong></span> <span class='ocrx_word' id='word_1_204' title='bbox 1242 2709 1291 2752; x_wconf 89' lang='lat' dir='ltr'><strong>res</strong></span> <span class='ocrx_word' id='word_1_205' title='bbox 1312 2686 1387 2770; x_wconf 74' lang='lat' dir='ltr'><strong>[aeta</strong></span> 
     </span>
    </p>

    <p class='ocr_par' dir='ltr' id='par_1_12' title="bbox 221 2790 1390 2982">
     <span class='ocr_line' id='line_1_24' title="bbox 221 2790 1390 2878; baseline 0.003 -24"><span class='ocrx_word' id='word_1_206' title='bbox 221 2792 294 2873; x_wconf 73' lang='lat' dir='ltr'><strong>estl.</strong></span> <span class='ocrx_word' id='word_1_207' title='bbox 333 2790 435 2856; x_wconf 89' lang='lat' dir='ltr'><strong>Nemo</strong></span> <span class='ocrx_word' id='word_1_208' title='bbox 463 2795 548 2857; x_wconf 91' lang='lat' dir='ltr'><strong>enim</strong></span> <span class='ocrx_word' id='word_1_209' title='bbox 569 2815 687 2878; x_wconf 87' lang='lat' dir='ltr'><strong>negare</strong></span> <span class='ocrx_word' id='word_1_210' title='bbox 709 2795 835 2876; x_wconf 88' lang='lat' dir='ltr'><strong>poterat</strong></span> <span class='ocrx_word' id='word_1_211' title='bbox 857 2813 914 2875; x_wconf 93' lang='lat' dir='ltr'><strong>pro</strong></span> <span class='ocrx_word' id='word_1_212' title='bbox 936 2791 1093 2873; x_wconf 88' lang='lat' dir='ltr'><strong>[senatus]</strong></span> <span class='ocrx_word' id='word_1_213' title='bbox 1118 2792 1308 2857; x_wconf 88' lang='lat' dir='ltr'><strong>auctoritate</strong></span> <span class='ocrx_word' id='word_1_214' title='bbox 1328 2802 1390 2856; x_wconf 66' lang='lat' dir='ltr'><strong>rarate</strong></span> 
     </span>
     <span class='ocr_line' id='line_1_25' title="bbox 222 2896 660 2982; baseline 0.011 -23"><span class='ocrx_word' id='word_1_215' title='bbox 222 2909 291 2960; x_wconf 83' lang='lat' dir='ltr'><strong>earn</strong></span> <span class='ocrx_word' id='word_1_216' title='bbox 315 2896 427 2979; x_wconf 83' lang='lat' dir='ltr'><strong>legem.</strong></span> <span class='ocrx_word' id='word_1_217' title='bbox 467 2897 528 2977; x_wconf 85' lang='lat'><strong>(56</strong></span> <span class='ocrx_word' id='word_1_218' title='bbox 543 2930 573 2951; x_wconf 93' lang='lat'><strong><em>=</em></strong></span> <span class='ocrx_word' id='word_1_219' title='bbox 593 2901 660 2982; x_wconf 85' lang='lat'><em>50.)</em></span> 
     </span>
    </p>

    <p class='ocr_par' dir='ltr' id='par_1_13' title="bbox 221 3001 1400 3403">
     <span class='ocr_line' id='line_1_26' title="bbox 309 3001 1398 3090; baseline 0.006 -27"><span class='ocrx_word' id='word_1_220' title='bbox 309 3001 444 3085; x_wconf 81' lang='lat' dir='ltr'><strong>Ali[am]</strong></span> <span class='ocrx_word' id='word_1_221' title='bbox 468 3003 580 3069; x_wconf 92' lang='lat' dir='ltr'><strong>deinde</strong></span> <span class='ocrx_word' id='word_1_222' title='bbox 601 3004 705 3088; x_wconf 86' lang='lat' dir='ltr'><strong>legem</strong></span> <span class='ocrx_word' id='word_1_223' title='bbox 720 3004 893 3084; x_wconf 79' lang='lat' dir='ltr'><strong>Cornelius,</strong></span> <span class='ocrx_word' id='word_1_224' title='bbox 917 3003 977 3067; x_wconf 87' lang='lat' dir='ltr'><strong>etsi</strong></span> <span class='ocrx_word' id='word_1_225' title='bbox 998 3025 1091 3068; x_wconf 90' lang='lat' dir='ltr'><strong>nemo</strong></span> <span class='ocrx_word' id='word_1_226' title='bbox 1107 3026 1288 3090; x_wconf 86' lang='lat' dir='ltr'><strong>repugnare</strong></span> <span class='ocrx_word' id='word_1_227' title='bbox 1302 3014 1398 3069; x_wconf 69' lang='lat' dir='ltr'><strong>auams</strong></span> 
     </span>
     <span class='ocr_line' id='line_1_27' title="bbox 224 3107 1400 3194; baseline 0.004 -24"><span class='ocrx_word' id='word_1_228' title='bbox 224 3110 280 3186; x_wconf 80' lang='lat' dir='ltr'><strong>est,</strong></span> <span class='ocrx_word' id='word_1_229' title='bbox 305 3107 415 3170; x_wconf 91' lang='lat' dir='ltr'><strong>multis</strong></span> <span class='ocrx_word' id='word_1_230' title='bbox 438 3111 545 3172; x_wconf 90' lang='lat' dir='ltr'><strong>tamen</strong></span> <span class='ocrx_word' id='word_1_231' title='bbox 568 3110 677 3173; x_wconf 85' lang='lat' dir='ltr'><strong>invitis</strong></span> <span class='ocrx_word' id='word_1_232' title='bbox 700 3109 791 3173; x_wconf 91' lang='lat' dir='ltr'><strong>tulit:</strong></span> <span class='ocrx_word' id='word_1_233' title='bbox 815 3113 852 3172; x_wconf 92' lang='lat' dir='ltr'><strong>ut</strong></span> <span class='ocrx_word' id='word_1_234' title='bbox 875 3112 1038 3191; x_wconf 88' lang='lat' dir='ltr'><strong>praetores</strong></span> <span class='ocrx_word' id='word_1_235' title='bbox 1060 3130 1099 3172; x_wconf 86' lang='lat' dir='ltr'><strong>ex</strong></span> <span class='ocrx_word' id='word_1_236' title='bbox 1115 3109 1229 3174; x_wconf 83' lang='lat' dir='ltr'><strong>edictis</strong></span> <span class='ocrx_word' id='word_1_237' title='bbox 1244 3110 1309 3175; x_wconf 87' lang='lat' dir='ltr'><strong>suis</strong></span> <span class='ocrx_word' id='word_1_238' title='bbox 1323 3121 1400 3194; x_wconf 72' lang='lat' dir='ltr'><strong>pel·</strong></span> 
     </span>
     <span class='ocr_line' id='line_1_28' title="bbox 221 3212 1399 3299; baseline 0.003 -25"><span class='ocrx_word' id='word_1_239' title='bbox 221 3212 325 3295; x_wconf 91' lang='lat' dir='ltr'><strong>petuis</strong></span> <span class='ocrx_word' id='word_1_240' title='bbox 348 3212 397 3275; x_wconf 89' lang='lat' dir='ltr'><strong>ius</strong></span> <span class='ocrx_word' id='word_1_241' title='bbox 413 3212 585 3291; x_wconf 80' lang='lat' dir='ltr'><strong>dicerent⁶;</strong></span> <span class='ocrx_word' id='word_1_242' title='bbox 611 3237 691 3298; x_wconf 89' lang='lat' dir='ltr'><strong>quae</strong></span> <span class='ocrx_word' id='word_1_243' title='bbox 706 3237 755 3278; x_wconf 91' lang='lat' dir='ltr'><strong>res</strong></span> <span class='ocrx_word' id='word_1_244' title='bbox 771 3213 933 3277; x_wconf 85' lang='lat' dir='ltr'><strong>cunctam⁶</strong></span> <span class='ocrx_word' id='word_1_245' title='bbox 949 3215 1089 3298; x_wconf 85' lang='lat' dir='ltr'><strong>gratiam</strong></span> <span class='ocrx_word' id='word_1_246' title='bbox 1105 3215 1284 3280; x_wconf 87' lang='lat' dir='ltr'><strong>ambitiosis</strong></span> <span class='ocrx_word' id='word_1_247' title='bbox 1300 3227 1399 3299; x_wconf 74' lang='lat' dir='ltr'><strong>prae·</strong></span> 
     </span>
     <span class='ocr_line' id='line_1_29' title="bbox 221 3310 1395 3403; baseline 0.007 -23"><span class='ocrx_word' id='word_1_248' title='bbox 221 3317 355 3395; x_wconf 87' lang='lat' dir='ltr'><strong>toribus,</strong></span> <span class='ocrx_word' id='word_1_249' title='bbox 381 3318 435 3401; x_wconf 90' lang='lat' dir='ltr'><strong>qui</strong></span> <span class='ocrx_word' id='word_1_250' title='bbox 458 3319 545 3384; x_wconf 81' lang='lat' dir='ltr'><strong>varie</strong></span> <span class='ocrx_word' id='word_1_251' title='bbox 567 3320 616 3384; x_wconf 91' lang='lat' dir='ltr'><strong>ius</strong></span> <span class='ocrx_word' id='word_1_252' title='bbox 640 3320 741 3383; x_wconf 86' lang='lat' dir='ltr'><strong>dicere</strong></span> <span class='ocrx_word' id='word_1_253' title='bbox 765 3322 979 3398; x_wconf 85' lang='lat' dir='ltr'><strong>assueverant,</strong></span> <span class='ocrx_word' id='word_1_254' title='bbox 1003 3319 1144 3383; x_wconf 88' lang='lat' dir='ltr'><strong>sustulit.</strong></span> <span class='ocrx_word' id='word_1_255' title='bbox 1191 3325 1250 3403; x_wconf 83' lang='lat'><strong>(58</strong></span> <span class='ocrx_word' id='word_1_256' title='bbox 1263 3351 1293 3372; x_wconf 91' lang='lat'>=</span> <span class='ocrx_word' id='word_1_257' title='bbox 1311 3310 1395 3390; x_wconf 55' lang='lat'><strong>52)</strong></span> 
     </span>
    </p>

    <p class='ocr_par' dir='ltr' id='par_1_14' title="bbox 308 3420 1411 3505">
     <span class='ocr_line' id='line_1_30' title="bbox 308 3420 1411 3505; baseline 0.002 -21"><span class='ocrx_word' id='word_1_258' title='bbox 308 3421 504 3505; x_wconf 84' lang='lat' dir='ltr'><strong>Frequenter</strong></span> <span class='ocrx_word' id='word_1_259' title='bbox 536 3428 605 3488; x_wconf 91' lang='lat' dir='ltr'><strong>tum</strong></span> <span class='ocrx_word' id='word_1_260' title='bbox 636 3425 732 3488; x_wconf 91' lang='lat' dir='ltr'><strong>etiam</strong></span> <span class='ocrx_word' id='word_1_261' title='bbox 764 3428 872 3488; x_wconf 91' lang='lat' dir='ltr'><strong>coetus</strong></span> <span class='ocrx_word' id='word_1_262' title='bbox 901 3423 1110 3488; x_wconf 88' lang='lat' dir='ltr'><strong>factiosorum</strong></span> <span class='ocrx_word' id='word_1_263' title='bbox 1138 3423 1308 3490; x_wconf 91' lang='lat' dir='ltr'><strong>hominum</strong></span> <span class='ocrx_word' id='word_1_264' title='bbox 1329 3420 1411 3490; x_wconf 74' lang='lat' dir='ltr'><strong>sille</strong></span> 
     </span>
    </p>
   </div>
   <div class='ocr_carea' id='block_1_3' title="bbox 217 3682 1429 4454">
    <p class='ocr_par' dir='ltr' id='par_1_15' title="bbox 217 3682 1429 4454">
     <span class='ocr_line' id='line_1_31' title="bbox 292 3682 1425 3756; baseline 0.005 -20"><span class='ocrx_word' id='word_1_265' title='bbox 292 3683 316 3751; x_wconf 91' lang='lat' dir='ltr'><strong>l)</strong></span> <span class='ocrx_word' id='word_1_266' title='bbox 333 3682 473 3736; x_wconf 89' lang='lat' dir='ltr'><strong>adiecerat</strong></span> <span class='ocrx_word' id='word_1_267' title='bbox 494 3683 564 3736; x_wconf 74' lang='lat' dir='ltr'><strong>labri.</strong></span> <span class='ocrx_word' id='word_1_268' title='bbox 582 3712 618 3721; x_wconf 94' lang='lat'>—</span> <span class='ocrx_word' id='word_1_269' title='bbox 636 3682 663 3749; x_wconf 79' lang='grc'><strong>2)</strong></span> <span class='ocrx_word' id='word_1_270' title='bbox 684 3698 717 3736; x_wconf 87' lang='lat' dir='ltr'><strong>ex</strong></span> <span class='ocrx_word' id='word_1_271' title='bbox 729 3699 750 3735; x_wconf 83' lang='lat' dir='ltr'><strong>s.</strong></span> <span class='ocrx_word' id='word_1_272' title='bbox 762 3699 783 3736; x_wconf 89' lang='lat' dir='ltr'><strong>c.</strong></span> <span class='ocrx_word' id='word_1_273' title='bbox 797 3682 867 3737; x_wconf 72' lang='lat' dir='ltr'><strong>labet.</strong></span> <span class='ocrx_word' id='word_1_274' title='bbox 885 3712 918 3722; x_wconf 91' lang='lat'><em>-</em></span> <span class='ocrx_word' id='word_1_275' title='bbox 936 3683 965 3752; x_wconf 84' lang='lat'><strong>3)</strong></span> <span class='ocrx_word' id='word_1_276' title='bbox 983 3683 1002 3738; x_wconf 89' lang='lat' dir='ltr'><strong>l.</strong></span> <span class='ocrx_word' id='word_1_277' title='bbox 1021 3683 1092 3737; x_wconf 78' lang='lat' dir='ltr'><strong>libri.</strong></span> <span class='ocrx_word' id='word_1_278' title='bbox 1113 3714 1143 3725; x_wconf 95' lang='lat'><em>-</em></span> <span class='ocrx_word' id='word_1_279' title='bbox 1163 3686 1192 3754; x_wconf 81' lang='lat'><strong>4)</strong></span> <span class='ocrx_word' id='word_1_280' title='bbox 1210 3686 1330 3756; x_wconf 88' lang='lat' dir='ltr'><strong>tollique</strong></span> <span class='ocrx_word' id='word_1_281' title='bbox 1356 3685 1425 3732; x_wconf 73' lang='lat'><strong><em>0¹¹⁸·</em></strong></span> 
     </span>
     <span class='ocr_line' id='line_1_32' title="bbox 222 3769 1428 3843; baseline 0.004 -21"><span class='ocrx_word' id='word_1_282' title='bbox 222 3771 291 3823; x_wconf 73' lang='lat' dir='ltr'><strong>libri.</strong></span> <span class='ocrx_word' id='word_1_283' title='bbox 312 3801 344 3808; x_wconf 82' lang='lat'>—</span> <span class='ocrx_word' id='word_1_284' title='bbox 371 3770 399 3839; x_wconf 81' lang='lat'><strong>5)</strong></span> <span class='ocrx_word' id='word_1_285' title='bbox 420 3769 461 3838; x_wconf 83' lang='lat' dir='ltr'><strong>Of.</strong></span> <span class='ocrx_word' id='word_1_286' title='bbox 480 3770 537 3823; x_wconf 78' lang='lat' dir='ltr'><strong>Dio</strong></span> <span class='ocrx_word' id='word_1_287' title='bbox 555 3772 647 3838; x_wconf 56' lang='lat'><strong><em>3623.-</em></strong></span> <span class='ocrx_word' id='word_1_288' title='bbox 674 3770 713 3839; x_wconf 89' lang='grc' dir='ltr'><strong>(Ὁ</strong></span> <span class='ocrx_word' id='word_1_289' title='bbox 731 3770 890 3838; x_wconf 78' lang='grc' dir='ltr'>Κορνήλιος)</span> <span class='ocrx_word' id='word_1_290' title='bbox 909 3773 1010 3823; x_wconf 76' lang='grc' dir='ltr'>ἐκεῖνον</span> <span class='ocrx_word' id='word_1_291' title='bbox 1029 3789 1057 3823; x_wconf 81' lang='grc' dir='ltr'><strong>τε</strong></span> <span class='ocrx_word' id='word_1_292' title='bbox 1076 3774 1177 3841; x_wconf 83' lang='grc' dir='ltr'>(νόμον)</span> <span class='ocrx_word' id='word_1_293' title='bbox 1196 3769 1428 3843; x_wconf 61' lang='grc' dir='ltr'><strong>διενομοθέτῆσε</strong></span> 
     </span>
     <span class='ocr_line' id='line_1_33' title="bbox 219 3855 1429 3927; baseline 0.005 -18"><span class='ocrx_word' id='word_1_294' title='bbox 219 3863 266 3909; x_wconf 73' lang='grc' dir='ltr'><strong>καὶ</strong></span> <span class='ocrx_word' id='word_1_295' title='bbox 285 3861 374 3923; x_wconf 74' lang='grc' dir='ltr'>ἕτερον</span> <span class='ocrx_word' id='word_1_296' title='bbox 393 3862 502 3910; x_wconf 73' lang='grc' dir='ltr'>τοιόνδε.</span> <span class='ocrx_word' id='word_1_297' title='bbox 521 3862 546 3909; x_wconf 79' lang='lat' dir='ltr'><strong>et</strong></span> <span class='ocrx_word' id='word_1_298' title='bbox 564 3861 707 3925; x_wconf 75' lang='grc' dir='ltr'>στρατηγοὶ</span> <span class='ocrx_word' id='word_1_299' title='bbox 726 3857 890 3927; x_wconf 76' lang='lat' dir='ltr'><strong>(praetores)</strong></span> <span class='ocrx_word' id='word_1_300' title='bbox 909 3860 1005 3921; x_wconf 81' lang='grc' dir='ltr'>πάντες</span> <span class='ocrx_word' id='word_1_301' title='bbox 1016 3859 1048 3909; x_wconf 84' lang='grc' dir='ltr'><strong>τὰ</strong></span> <span class='ocrx_word' id='word_1_302' title='bbox 1060 3862 1153 3912; x_wconf 76' lang='grc' dir='ltr'>δίκαια</span> <span class='ocrx_word' id='word_1_303' title='bbox 1171 3861 1238 3913; x_wconf 75' lang='grc' dir='ltr'>καθ’</span> <span class='ocrx_word' id='word_1_304' title='bbox 1251 3865 1270 3914; x_wconf 83' lang='lat' dir='ltr'><strong>a</strong></span> <span class='ocrx_word' id='word_1_305' title='bbox 1283 3855 1429 3915; x_wconf 51' lang='grc' dir='ltr'>δικάσω</span> 
     </span>
     <span class='ocr_line' id='line_1_34' title="bbox 219 3929 1429 4015; baseline 0.001 -17"><span class='ocrx_word' id='word_1_306' title='bbox 219 3947 331 4012; x_wconf 73' lang='grc' dir='ltr'>ἔμελλον</span> <span class='ocrx_word' id='word_1_307' title='bbox 357 3949 456 4009; x_wconf 83' lang='grc' dir='ltr'>αὐτοῖς,</span> <span class='ocrx_word' id='word_1_308' title='bbox 482 3949 676 4015; x_wconf 80' lang='grc' dir='ltr'>συγγράφοντες</span> <span class='ocrx_word' id='word_1_309' title='bbox 700 3947 850 4010; x_wconf 71' lang='grc' dir='ltr'>ἐξετίθεσαν</span> <span class='ocrx_word' id='word_1_310' title='bbox 874 3944 1056 4014; x_wconf 81' lang='lat' dir='ltr'><strong>(edixerunt)·</strong></span> <span class='ocrx_word' id='word_1_311' title='bbox 1081 3950 1111 3999; x_wconf 86' lang='grc' dir='ltr'><strong>οὐ</strong></span> <span class='ocrx_word' id='word_1_312' title='bbox 1130 3951 1184 4015; x_wconf 79' lang='grc' dir='ltr'><strong>γάρ</strong></span> <span class='ocrx_word' id='word_1_313' title='bbox 1202 3965 1243 4000; x_wconf 86' lang='grc' dir='ltr'><strong>πιυ</strong></span> <span class='ocrx_word' id='word_1_314' title='bbox 1263 3954 1355 4002; x_wconf 78' lang='grc' dir='ltr'>πάντα</span> <span class='ocrx_word' id='word_1_315' title='bbox 1381 3929 1429 3983; x_wconf 58' lang='grc' dir='ltr'><strong>τὰ</strong></span> 
     </span>
     <span class='ocr_line' id='line_1_35' title="bbox 220 4032 1426 4101; baseline 0.001 -15"><span class='ocrx_word' id='word_1_316' title='bbox 220 4038 392 4100; x_wconf 77' lang='grc' dir='ltr'>δικαιώματα,</span> <span class='ocrx_word' id='word_1_317' title='bbox 412 4035 429 4084; x_wconf 87' lang='grc' dir='ltr'><strong>ἃ</strong></span> <span class='ocrx_word' id='word_1_318' title='bbox 442 4038 500 4099; x_wconf 77' lang='grc' dir='ltr'>περὶ</span> <span class='ocrx_word' id='word_1_319' title='bbox 513 4038 546 4085; x_wconf 85' lang='grc' dir='ltr'><strong>τὰ</strong></span> <span class='ocrx_word' id='word_1_320' title='bbox 560 4035 703 4099; x_wconf 80' lang='grc' dir='ltr'>συμβόλαια</span> <span class='ocrx_word' id='word_1_321' title='bbox 716 4037 874 4096; x_wconf 77' lang='grc' dir='ltr'>διετέτακτο,</span> <span class='ocrx_word' id='word_1_322' title='bbox 887 4037 1005 4086; x_wconf 79' lang='grc' dir='ltr'><strong>ἐποίουν·</strong></span> <span class='ocrx_word' id='word_1_323' title='bbox 1025 4037 1084 4087; x_wconf 80' lang='grc' dir='ltr'>οὔτε</span> <span class='ocrx_word' id='word_1_324' title='bbox 1092 4037 1196 4101; x_wconf 78' lang='grc' dir='ltr'>ἐσάπαξ</span> <span class='ocrx_word' id='word_1_325' title='bbox 1205 4042 1276 4091; x_wconf 80' lang='grc' dir='ltr'>τοῦτ’</span> <span class='ocrx_word' id='word_1_326' title='bbox 1285 4032 1426 4090; x_wconf 48' lang='lat' dir='ltr'><strong>aaaron*</strong></span> 
     </span>
     <span class='ocr_line' id='line_1_36' title="bbox 217 4111 1424 4194; baseline 0.001 -21"><span class='ocrx_word' id='word_1_327' title='bbox 217 4124 278 4174; x_wconf 82' lang='grc' dir='ltr'>οὔτε</span> <span class='ocrx_word' id='word_1_328' title='bbox 304 4125 336 4173; x_wconf 86' lang='grc' dir='ltr'><strong>τὰ</strong></span> <span class='ocrx_word' id='word_1_329' title='bbox 354 4125 490 4189; x_wconf 77' lang='grc' dir='ltr'>γραφέντα</span> <span class='ocrx_word' id='word_1_330' title='bbox 515 4125 637 4188; x_wconf 74' lang='grc' dir='ltr'>ἐτήρουν·</span> <span class='ocrx_word' id='word_1_331' title='bbox 666 4123 738 4172; x_wconf 85' lang='grc' dir='ltr'>ἀλλὰ</span> <span class='ocrx_word' id='word_1_332' title='bbox 756 4121 888 4185; x_wconf 80' lang='grc' dir='ltr'>πολλάκις</span> <span class='ocrx_word' id='word_1_333' title='bbox 907 4123 972 4172; x_wconf 84' lang='grc' dir='ltr'>αὐτὰ</span> <span class='ocrx_word' id='word_1_334' title='bbox 990 4125 1170 4189; x_wconf 64' lang='grc' dir='ltr'>μετέγραψαν,</span> <span class='ocrx_word' id='word_1_335' title='bbox 1198 4130 1246 4177; x_wconf 72' lang='grc' dir='ltr'><strong>καὶ</strong></span> <span class='ocrx_word' id='word_1_336' title='bbox 1266 4125 1355 4194; x_wconf 83' lang='grc' dir='ltr'>ουχνά</span> <span class='ocrx_word' id='word_1_337' title='bbox 1381 4111 1424 4160; x_wconf 52' lang='lat'><strong>3*</strong></span> 
     </span>
     <span class='ocr_line' id='line_1_37' title="bbox 222 4206 1419 4282; baseline 0.001 -23"><span class='ocrx_word' id='word_1_338' title='bbox 222 4212 304 4275; x_wconf 83' lang='grc' dir='ltr'>τοὺτῳ</span> <span class='ocrx_word' id='word_1_339' title='bbox 323 4212 389 4274; x_wconf 83' lang='grc' dir='ltr'>πρὸς</span> <span class='ocrx_word' id='word_1_340' title='bbox 406 4212 482 4275; x_wconf 80' lang='grc' dir='ltr'>χάριν</span> <span class='ocrx_word' id='word_1_341' title='bbox 500 4211 517 4274; x_wconf 80' lang='grc' dir='ltr'>ἢ</span> <span class='ocrx_word' id='word_1_342' title='bbox 536 4215 582 4261; x_wconf 77' lang='grc' dir='ltr'><strong>καὶ</strong></span> <span class='ocrx_word' id='word_1_343' title='bbox 600 4211 659 4261; x_wconf 83' lang='grc' dir='ltr'>κατ’</span> <span class='ocrx_word' id='word_1_344' title='bbox 679 4212 779 4276; x_wconf 70' lang='grc' dir='ltr'>ἔχθραν</span> <span class='ocrx_word' id='word_1_345' title='bbox 798 4215 880 4272; x_wconf 80' lang='grc' dir='ltr'>τινῶν,</span> <span class='ocrx_word' id='word_1_346' title='bbox 901 4211 988 4275; x_wconf 80' lang='grc' dir='ltr'>ὥσπερ</span> <span class='ocrx_word' id='word_1_347' title='bbox 1007 4213 1087 4274; x_wconf 82' lang='grc' dir='ltr'>εἰκὸς,</span> <span class='ocrx_word' id='word_1_348' title='bbox 1107 4214 1220 4280; x_wconf 69' lang='grc' dir='ltr'>ἐγίνετο.</span> <span class='ocrx_word' id='word_1_349' title='bbox 1245 4206 1419 4282; x_wconf 58' lang='grc' dir='ltr'><strong>ὲαηγῄσοιτο</strong></span> 
     </span>
     <span class='ocr_line' id='line_1_38' title="bbox 222 4284 1414 4366; baseline 0.004 -19"><span class='ocrx_word' id='word_1_350' title='bbox 222 4295 357 4366; x_wconf 82' lang='lat' dir='ltr'><strong>(rogavit)</strong></span> <span class='ocrx_word' id='word_1_351' title='bbox 383 4294 428 4348; x_wconf 80' lang='grc' dir='ltr'><strong>οὖν</strong></span> <span class='ocrx_word' id='word_1_352' title='bbox 447 4297 507 4348; x_wconf 81' lang='grc' dir='ltr'>κατ’</span> <span class='ocrx_word' id='word_1_353' title='bbox 525 4300 611 4363; x_wconf 82' lang='grc' dir='ltr'>ἀρχάς</span> <span class='ocrx_word' id='word_1_354' title='bbox 634 4315 662 4347; x_wconf 87' lang='grc' dir='ltr'><strong>τε</strong></span> <span class='ocrx_word' id='word_1_355' title='bbox 680 4299 761 4360; x_wconf 69' lang='grc' dir='ltr'>εὐθὺς</span> <span class='ocrx_word' id='word_1_356' title='bbox 780 4299 874 4360; x_wconf 84' lang='grc' dir='ltr'>αὐτοὺς</span> <span class='ocrx_word' id='word_1_357' title='bbox 891 4300 924 4349; x_wconf 85' lang='grc' dir='ltr'><strong>τὰ</strong></span> <span class='ocrx_word' id='word_1_358' title='bbox 942 4300 1045 4361; x_wconf 76' lang='grc' dir='ltr'>δίκαια,</span> <span class='ocrx_word' id='word_1_359' title='bbox 1075 4295 1115 4361; x_wconf 76' lang='grc' dir='ltr'><strong>οἷς</strong></span> <span class='ocrx_word' id='word_1_360' title='bbox 1133 4302 1283 4366; x_wconf 79' lang='grc' dir='ltr'>χρήσονται,</span> <span class='ocrx_word' id='word_1_361' title='bbox 1302 4284 1414 4366; x_wconf 49' lang='lat' dir='ltr'><strong>apol&amp;</strong></span> 
     </span>
     <span class='ocr_line' id='line_1_39' title="bbox 220 4384 1330 4454; baseline 0.003 -19"><span class='ocrx_word' id='word_1_362' title='bbox 220 4402 284 4454; x_wconf 86' lang='grc' dir='ltr'>γειν,</span> <span class='ocrx_word' id='word_1_363' title='bbox 308 4389 355 4436; x_wconf 78' lang='grc' dir='ltr'><strong>καὶ</strong></span> <span class='ocrx_word' id='word_1_364' title='bbox 372 4387 452 4452; x_wconf 78' lang='grc' dir='ltr'>μηδὲν</span> <span class='ocrx_word' id='word_1_365' title='bbox 472 4386 517 4438; x_wconf 81' lang='grc' dir='ltr'><strong>ἀπ’</strong></span> <span class='ocrx_word' id='word_1_366' title='bbox 536 4387 619 4436; x_wconf 81' lang='grc' dir='ltr'>αὐτῶν</span> <span class='ocrx_word' id='word_1_367' title='bbox 639 4388 819 4450; x_wconf 78' lang='grc' dir='ltr'>παρατρέπειν.</span> <span class='ocrx_word' id='word_1_368' title='bbox 840 4415 872 4423; x_wconf 95' lang='grc'>-</span> <span class='ocrx_word' id='word_1_369' title='bbox 891 4387 918 4453; x_wconf 70' lang='grc'><strong>6)</strong></span> <span class='ocrx_word' id='word_1_370' title='bbox 935 4385 974 4438; x_wconf 80' lang='lat' dir='ltr'><strong>sic</strong></span> <span class='ocrx_word' id='word_1_371' title='bbox 991 4384 1095 4453; x_wconf 75' lang='lat' dir='ltr'><strong>Baiter,</strong></span> <span class='ocrx_word' id='word_1_372' title='bbox 1114 4403 1179 4440; x_wconf 90' lang='lat' dir='ltr'><strong>eurn</strong></span> <span class='ocrx_word' id='word_1_373' title='bbox 1192 4390 1245 4442; x_wconf 86' lang='lat' dir='ltr'><strong>aut</strong></span> <span class='ocrx_word' id='word_1_374' title='bbox 1263 4388 1330 4442; x_wconf 76' lang='lat' dir='ltr'><strong>labri.</strong></span> 
     </span>
    </p>
   </div>
   <div class='ocr_carea' id='block_1_4' title="bbox 0 0 1474 4996">
    <p class='ocr_par' dir='ltr' id='par_1_16' title="bbox 0 0 1474 4996">
     <span class='ocr_line' id='line_1_40' title="bbox 0 0 1474 4996; baseline 0 0"><span class='ocrx_word' id='word_1_375' title='bbox 0 0 1474 4996; x_wconf 95' lang='lat' dir='ltr'><strong> </strong></span> 
     </span>
    </p>
   </div>
  </div>
 </body>
</html>
