2954 5010
448 298 668 356 Constitutiones
686 299 898 369 imperatorum.
1175 303 1239 368 225

50 476 87 538 in
111 474 361 559 possessioneml
384 477 451 542 eius
474 476 572 541 fuisse
595 477 718 540 dicatur
741 478 835 540 etita
855 476 1056 560 permixtum
1078 501 1149 542 cum
1165 478 1238 542 Tri-

51 580 207 661 dentinis,
230 585 268 646 ut
291 582 396 645 diduci
419 582 459 645 ab
482 583 509 645 is
532 582 600 646 sine
617 582 708 666 gravi
725 581 900 664 splendidiss
919 582 1073 665 municipi
1096 583 1099 666 Ι
1120 583 1239 647 iniuria

53 707 120 750 non
145 687 258 771 possit,
280 688 387 771 patior
410 709 462 752 eos
484 688 518 751 in
540 710 575 751 eo
592 688 669 765 iure,
693 688 727 750 in
744 710 807 771 quo
824 711 890 752 esse
906 710 939 751 se
955 686 1105 771 existima
1114 692 1237 767 verunt,
1248 697 1290 749 30.

54 813 244 874 permanere
266 792 414 857 benificio
437 815 516 871 mee,
549 815 585 856 eo
610 793 736 875 quidem
760 793 923 871 libentiuS,
949 793 1032 876 quod
1053 791 1057 878 Ι
1078 793 1237 876 plerique3

54 919 94 980 ex
118 920 156 962 eo
178 920 295 983 genere
317 899 484 963 hominum
507 900 603 962 etiam
628 899 766 962 militare
787 900 821 961 in
837 899 997 982 praetorio
1018 894 1024 980 Ι
1044 921 1113 961 meo
1129 900 1239 962 dicun-

54 1006 119 1091 tur,
153 1003 284 1086 quidam
307 1025 382 1068 vero
405 1003 530 1066 ordines
555 1024 680 1086 quoque
704 1003 840 1082 duxisse,
860 1003 865 1087 Ι
886 1001 1030 1065 nonnulli
1056 1002 1180 1066 allecti4
1204 1004 1238 1065 in

55 1108 200 1172 decurias
224 1107 345 1173 Romae
368 1131 417 1172 res
441 1108 590 1172 iudicare.
614 1125 661 1173 ω
680 1109 684 1189 Ι

147 1212 206 1296 (3.)
229 1212 321 1288 Quod
337 1213 520 1278 benificium
535 1214 562 1276 is
578 1214 624 1277 ita
640 1212 757 1290 tribu0,
784 1217 819 1276 ut
836 1233 1054 1296 quaecumque
1069 1213 1236 1297 tanquaml

55 1318 141 1382 cives
164 1317 303 1382 Romani
326 1323 493 1403 gesserunt
516 1323 722 1403 egeruntque,
747 1322 803 1381 aut
827 1319 910 1381 inter
927 1338 960 1381 se
976 1322 1032 1381 aut
1046 1339 1118 1380 cum
1140 1320 1145 1399 Ι
1164 1317 1237 1380 'Pri-
1247 1325 1289 1378 35.

55 1422 197 1487 dentinis
220 1423 326 1502 alisve,
350 1423 439 1488 ratu⁶
456 1446 522 1488 esse
538 1423 690 1502 iubeamss,
714 1425 907 1507 nominaque
928 1446 973 1502 ea,
995 1423 999 1510 Ι
1020 1446 1101 1505 quae
1116 1423 1237 1486 habue-

55 1532 134 1592 runt
158 1533 254 1594 antea
274 1534 429 1614 tanquam
453 1529 535 1593 cives
559 1528 706 1607 Romani,
736 1530 782 1592 ita
807 1529 924 1593 habere
947 1529 974 1592 is
997 1528 1191 1610 permittam.

98 1704 131 1767 3.
165 1702 371 1788 Epistula
393 1702 654 1787 Vespasiani
680 1704 726 1768 ad
749 1703 995 1768 Vanaciuos
1018 1726 1044 1767 c.
1069 1727 1096 1767 a.
1123 1703 1190 1768 72⁷.

190 1842 271 1929 Imp.
295 1843 411 1910 Caesar
426 1844 640 1927 Vespasianus
662 1843 829 1928 Augustus
850 1842 855 1928 Ι
874 1843 1119 1927 magistratibus
1143 1848 1174 1907 et
1189 1867 1235 1908 se-

57 1947 229 2013 natoribus
249 1949 512 2036 [Vanacinorum
535 1949 671 2011 salutem
695 1947 780 2012 dicit.
802 1950 807 2030 Ι

146 2051 320 2118 Otacilium
343 2054 519 2139 Sagittam,
553 2054 689 2117 amicum
713 2058 745 2116 et
768 2058 1015 2135 procuratorem
1038 2076 1159 2132 meum,
1190 2055 1237 2117 ita
1246 2070 1269 2121 5.

56 2159 150 2224 vobis
173 2160 358 2243 praefuisse,
380 2161 383 2246 Ι
405 2166 440 2225 ut
455 2160 673 2225 testimonium
691 2169 830 2222 vestrum
847 2164 1030 2237 mereretur,
1051 2156 1055 2243 Ι
1076 2158 1234 2242 delectori

147 2265 197 2330 De
212 2267 427 2331 controversia
448 2265 571 2343 finium,
595 2287 688 2347 quam
707 2263 841 2349 halbetis
865 2286 937 2328 cum
952 2264 1134 2342 Marianis⁸,
1159 2287 1237 2348 pen-

57 2368 147 2433 denti
170 2392 209 2434 ex
225 2379 238 2445 Ι
254 2371 281 2434 is
305 2372 402 2455 agris,
426 2393 504 2454 quos
528 2393 547 2434 a
562 2374 768 2453 procuratore
783 2391 853 2432 meo
874 2368 877 2453 Ι
898 2368 1037 2433 Publilio
1053 2370 1236 2433 Memoriale
1248 2377 1289 2429 10.

55 2473 199 2554 emistis,
232 2479 269 2539 ut
287 2474 292 2560 Ι
312 2476 419 2541 finiret
440 2474 589 2540 Claudius
614 2474 758 2538 Clemens
781 2479 978 2557 proculrator
1002 2498 1099 2554 meus,
1123 2476 1236 2557 scripsi

55 2579 86 2642 ei
110 2583 144 2643 et
166 2603 344 2646 mensorem
363 2579 368 2669 Ι
388 2583 470 2646 misi.
489 2590 501 2656 ΙΙ

146 2683 306 2751 Beneficia
335 2688 457 2751 tributa
487 2686 577 2751 vobis
608 2687 647 2749 ab
679 2686 751 2748 divo
772 2684 776 2768 Ι
798 2684 946 2768 Augusto
969 2689 1042 2767 post
1065 2687 1235 2768 septimum
1247 2702 1287 2754 15.

54 2787 279 2876 consulaltum,
304 2815 385 2875 quae
407 2793 440 2855 in
464 2797 612 2875 tempora·
632 2789 752 2855 Galbae
776 2789 971 2872 retilnuistis,
995 2791 1157 2853 confirmo
1178 2789 1184 2875 Ι

144 2893 293 2979 Egerunt
314 2896 413 2981 legati
438 2910 449 2970 Ι
473 2896 604 2961 Lasemo
627 2895 764 2959 Leucani
786 2893 808 2956 f.
833 2895 1005 2977 sacerd(os)
1034 2895 1214 2980 Auglusti),
1230 2896 1232 2980 Ι
1246 2911 1287 2966 20.

54 2997 170 3063 Eunus
201 2999 329 3066 Tomasi
357 3002 379 3066 f.
415 3001 585 3083 sacerdlos)
618 2999 784 3085 Auglusti)
815 3001 819 3080 Ι
848 3000 881 3065 Ο.
918 3003 1070 3065 Arruntio
1102 3003 1236 3066 Catellio

55 3100 175 3184 Celere,
201 3104 245 3170 M.
266 3109 271 3188 Ι
292 3106 448 3170 Arruntio
472 3107 592 3190 Aquila
614 3127 676 3170 cos.
702 3105 777 3170 llll.
800 3105 870 3168 idus
896 3104 1025 3169 Octobr.

117 3281 147 3343 4.
188 3281 391 3364 Epistula
413 3281 675 3364 Vespasiani
698 3283 746 3345 ad
769 3280 1030 3346 Saborenses
1055 3305 1081 3345 a.
1107 3283 1174 3345 78⁹.

145 3420 227 3504 Imp.
241 3422 322 3519 ‘Cae
339 3422 554 3506 Vespasianus
572 3424 657 3507 Aug.
674 3422 1011 3519 pontifex—maximus,
1028 3421 1231 3505 tribuniciae}

56 3528 226 3608 potestatis
249 3528 364 3608 Vllll,
398 3529 474 3612 imp.
499 3528 607 3607 XIIX,
638 3529 748 3592 consul
769 3528 773 3612 Ι
793 3527 892 3605 Vlll,
922 3525 1040 3613 p(ater)
1071 3528 1233 3611 platriae),

56 3632 194 3697 salute1n
217 3634 294 3697 dicit
317 3622 459 3700 Hllviris
482 3639 514 3699 et
531 3645 542 3706 ΙΙ
560 3634 781 3698 decurionibus
805 3633 1039 3698 Saborensium.
1262 3654 1285 3701 5.

147 3861 174 3930 1)
193 3862 401 3917 Aatmademas
418 3861 619 3932 possessionem
641 3860 781 3922 civitatis,
806 3865 837 3912 ot
854 3860 932 3925 infra
950 3877 976 3913 n.
998 3864 1015 3912 9
1034 3859 1233 3927 possessionem

57 3947 210 4016 privilegii.
238 3980 272 3988 —
291 3951 317 4018 2)
337 3950 456 4019 splendi.
480 3981 508 3987 -
530 3952 557 4016 3)
578 3949 727 4018 plerisque.
742 3980 777 3986 -
795 3949 823 4015 4)
843 3948 959 4003 collecti.
980 3979 1014 3986 —
1034 3951 1061 4013 5)
1080 3948 1181 4000 ratam.
1203 3975 1233 3983 -

56 4038 83 4102 6)
101 4035 209 4090 iubeat.
226 4068 262 4076 -
281 4040 307 4108 7)
329 4038 357 4093 G.
376 4039 400 4091 1.
420 4038 455 4091 L.
475 4041 571 4103 10,840
585 4055 615 4099 ‚a
634 4041 724 4104 8038,-
743 4036 787 4090 Or.
807 4039 886 4090 4031.
924 4036 955 4088 E
971 4037 1072 4088 lamina
1090 4051 1175 4098 ocrea,
1194 4049 1233 4084 rc-

52 4130 133 4191 perta
150 4125 181 4177 in
198 4125 256 4178 vico
268 4126 383 4194 quodam
398 4125 527 4179 Corsicae.
549 4156 578 4164 -
602 4127 629 4194 8)
650 4129 805 4177 Οὐανακῖνοι
824 4124 911 4191 (apud
923 4124 1115 4184 Ptolemaeum)
1135 4127 1159 4173 ct
1173 4120 1234 4171 Ma·

54 4214 130 4266 nani
143 4213 243 4280 populi
268 4221 345 4268 cram
371 4216 400 4267 iu
415 4220 494 4282 purte
511 4215 714 4281 septentrionali
732 4212 855 4265 Corsicae
873 4213 985 4264 imolae.
1011 4240 1041 4246 —
1062 4211 1087 4272 9)
1108 4208 1136 4261 G.
1156 4208 1177 4260 Ι.
1200 4207 1233 4260 L.

55 4302 135 4368 2u95
153 4317 180 4354 a.
199 4303 275 4355 1423.
311 4302 342 4354 E
357 4303 460 4355 lamiae
478 4301 586 4367 clauco,
605 4303 635 4353 e'u
654 4301 751 4368 oppndo
772 4300 869 4353 Cuncta
889 4302 974 4366 (iutra
988 4298 1128 4365 Mulapam
1146 4302 1171 4348 et
1189 4295 1233 4347 Se-

54 4389 161 4456 callom)
180 4406 247 4444 saec.
268 4389 347 4444 XVI
358 4395 471 4458 repertu,
490 4406 558 4457 queue
575 4406 647 4442 nuceo
665 4389 713 4441 ubi
729 4390 765 4441 sit
782 4391 932 4457 teneratur.

90 4504 189 4562 Bam,
206 4503 295 4550 Fontes
313 4503 380 4549 iuris.
408 4503 451 4548 Ed.
472 4501 501 4548 V.
992 4490 1024 4541 15
