<?xml version="1.0" encoding="UTF-8"?>
<!DOCTYPE html PUBLIC "-//W3C//DTD XHTML 1.0 Transitional//EN"
    "http://www.w3.org/TR/xhtml1/DTD/xhtml1-transitional.dtd">
<html xmlns="http://www.w3.org/1999/xhtml" xml:lang="en" lang="en">
 <head>
  <title>
</title>
<meta http-equiv="Content-Type" content="text/html;charset=utf-8" />
  <meta name='ocr-system' content='tesseract 3.04.00' />
  <meta name='ocr-capabilities' content='ocr_page ocr_carea ocr_par ocr_line ocrx_word'/>
</head>
<body>
  <div class='ocr_page' id='page_1' title='image "./fontesiurisroma00brungoog_0038.png"; bbox 0 0 2940 4996; ppageno 0'>
   <div class='ocr_carea' id='block_1_1' title="bbox 248 302 1010 374">
    <p class='ocr_par' dir='ltr' id='par_1_1' title="bbox 248 302 1010 374">
     <span class='ocr_line' id='line_1_1' title="bbox 248 302 1010 374; baseline -0.001 -15"><span class='ocrx_word' id='word_1_1' title='bbox 248 308 288 374; x_wconf 84' lang='lat'>16</span> <span class='ocrx_word' id='word_1_2' title='bbox 660 303 749 374; x_wconf 81' lang='lat' dir='ltr'>Leges</span> <span class='ocrx_word' id='word_1_3' title='bbox 766 302 819 358; x_wconf 86' lang='lat' dir='ltr'>XI]</span> <span class='ocrx_word' id='word_1_4' title='bbox 837 304 1010 359; x_wconf 89' lang='lat' dir='ltr'>tabularum.</span> 
     </span>
    </p>
   </div>
   <div class='ocr_carea' id='block_1_2' title="bbox 244 480 1434 3310">
    <p class='ocr_par' dir='ltr' id='par_1_2' title="bbox 244 480 1434 3310">
     <span class='ocr_line' id='line_1_2' title="bbox 244 480 1426 568; baseline -0.001 -19"><span class='ocrx_word' id='word_1_5' title='bbox 244 484 344 564; x_wconf 90' lang='lat' dir='ltr'>rinus,</span> <span class='ocrx_word' id='word_1_6' title='bbox 366 484 507 568; x_wconf 87' lang='lat' dir='ltr'>iussique</span> <span class='ocrx_word' id='word_1_7' title='bbox 522 480 649 546; x_wconf 87' lang='lat' dir='ltr'>inclitas</span> <span class='ocrx_word' id='word_1_8' title='bbox 671 481 758 566; x_wconf 88' lang='lat' dir='ltr'>leges</span> <span class='ocrx_word' id='word_1_9' title='bbox 774 480 900 548; x_wconf 82' lang='lat' dir='ltr'>Solonis</span> <span class='ocrx_word' id='word_1_10' title='bbox 923 481 1098 547; x_wconf 81' lang='lat' dir='ltr'>describere</span> <span class='ocrx_word' id='word_1_11' title='bbox 1113 485 1145 546; x_wconf 90' lang='lat' dir='ltr'>et</span> <span class='ocrx_word' id='word_1_12' title='bbox 1168 481 1304 548; x_wconf 87' lang='lat' dir='ltr'>aliarum</span> <span class='ocrx_word' id='word_1_13' title='bbox 1321 481 1426 549; x_wconf 75' lang='lat' dir='ltr'>Grae-</span> 
     </span>
     <span class='ocr_line' id='line_1_3' title="bbox 244 587 1428 673; baseline -0.001 -18"><span class='ocrx_word' id='word_1_14' title='bbox 244 591 311 655; x_wconf 90' lang='lat' dir='ltr'>ciae</span> <span class='ocrx_word' id='word_1_15' title='bbox 323 589 503 655; x_wconf 88' lang='lat' dir='ltr'>civitatium</span> <span class='ocrx_word' id='word_1_16' title='bbox 514 587 664 652; x_wconf 89' lang='lat' dir='ltr'>instituta</span> <span class='ocrx_word' id='word_1_17' title='bbox 676 609 780 652; x_wconf 90' lang='lat' dir='ltr'>mores</span> <span class='ocrx_word' id='word_1_18' title='bbox 791 587 926 672; x_wconf 90' lang='lat' dir='ltr'>iuraque</span> <span class='ocrx_word' id='word_1_19' title='bbox 941 609 1079 653; x_wconf 91' lang='lat' dir='ltr'>noscere.</span> <span class='ocrx_word' id='word_1_20' title='bbox 1115 589 1207 673; x_wconf 76' lang='lat'>(322)</span> <span class='ocrx_word' id='word_1_21' title='bbox 1230 626 1273 636; x_wconf 88' lang='lat'><em>-</em></span> <span class='ocrx_word' id='word_1_22' title='bbox 1297 590 1428 673; x_wconf 90' lang='lat' dir='ltr'>quietus</span> 
     </span>
     <span class='ocr_line' id='line_1_4' title="bbox 246 692 1429 780; baseline -0.001 -20"><span class='ocrx_word' id='word_1_23' title='bbox 246 718 349 760; x_wconf 89' lang='lat' dir='ltr'>annus</span> <span class='ocrx_word' id='word_1_24' title='bbox 372 692 683 778; x_wconf 82' lang='grc'><strong>(301)-111111111</strong></span> <span class='ocrx_word' id='word_1_25' title='bbox 709 694 932 774; x_wconf 92' lang='lat' dir='ltr'>tribunorum,</span> <span class='ocrx_word' id='word_1_26' title='bbox 967 694 1051 777; x_wconf 93' lang='lat' dir='ltr'>quod</span> <span class='ocrx_word' id='word_1_27' title='bbox 1071 730 1116 739; x_wconf 93' lang='lat'>—</span> <span class='ocrx_word' id='word_1_28' title='bbox 1138 694 1336 779; x_wconf 88' lang='lat' dir='ltr'>legatorum,</span> <span class='ocrx_word' id='word_1_29' title='bbox 1371 694 1429 780; x_wconf 91' lang='lat' dir='ltr'>qui</span> 
     </span>
     <span class='ocr_line' id='line_1_5' title="bbox 246 797 1430 885; baseline -0.001 -20"><span class='ocrx_word' id='word_1_30' title='bbox 246 799 391 865; x_wconf 85' lang='lat' dir='ltr'>Athenas</span> <span class='ocrx_word' id='word_1_31' title='bbox 406 800 521 879; x_wconf 87' lang='lat' dir='ltr'>ierant,</span> <span class='ocrx_word' id='word_1_32' title='bbox 543 797 715 884; x_wconf 82' lang='lat' dir='ltr'>legumque</span> <span class='ocrx_word' id='word_1_33' title='bbox 734 799 975 884; x_wconf 86' lang='lat' dir='ltr'>peregrinarum</span> <span class='ocrx_word' id='word_1_34' title='bbox 991 799 1185 883; x_wconf 74' lang='lat' dir='ltr'>exspectatio</span> <span class='ocrx_word' id='word_1_35' title='bbox 1207 800 1367 885; x_wconf 89' lang='lat' dir='ltr'>praebuit.</span> <span class='ocrx_word' id='word_1_36' title='bbox 1382 836 1430 847; x_wconf 96' lang='lat'><em>-</em></span> 
     </span>
     <span class='ocr_line' id='line_1_6' title="bbox 246 901 1430 990; baseline 0.002 -20"><span class='ocrx_word' id='word_1_37' title='bbox 246 905 317 970; x_wconf 91' lang='lat' dir='ltr'>Iam</span> <span class='ocrx_word' id='word_1_38' title='bbox 341 905 434 990; x_wconf 83' lang='lat'>(302)</span> <span class='ocrx_word' id='word_1_39' title='bbox 458 905 619 971; x_wconf 75' lang='lat' dir='ltr'>redierant</span> <span class='ocrx_word' id='word_1_40' title='bbox 645 902 745 988; x_wconf 86' lang='lat' dir='ltr'>legati</span> <span class='ocrx_word' id='word_1_41' title='bbox 768 926 841 967; x_wconf 93' lang='lat' dir='ltr'>cum</span> <span class='ocrx_word' id='word_1_42' title='bbox 863 901 981 967; x_wconf 85' lang='lat' dir='ltr'>Atticis</span> <span class='ocrx_word' id='word_1_43' title='bbox 1010 903 1145 989; x_wconf 88' lang='lat' dir='ltr'>legibus.</span> <span class='ocrx_word' id='word_1_44' title='bbox 1191 905 1241 971; x_wconf 83' lang='lat' dir='ltr'>Eo</span> <span class='ocrx_word' id='word_1_45' title='bbox 1270 905 1430 972; x_wconf 74' lang='lat' dir='ltr'>intentius</span> 
     </span>
     <span class='ocr_line' id='line_1_7' title="bbox 244 1009 1427 1096; baseline 0.001 -20"><span class='ocrx_word' id='word_1_46' title='bbox 244 1012 410 1076; x_wconf 85' lang='lat' dir='ltr'>instabant</span> <span class='ocrx_word' id='word_1_47' title='bbox 425 1009 559 1089; x_wconf 91' lang='lat' dir='ltr'>tribuni,</span> <span class='ocrx_word' id='word_1_48' title='bbox 582 1013 619 1073; x_wconf 94' lang='lat' dir='ltr'>ut</span> <span class='ocrx_word' id='word_1_49' title='bbox 642 1010 772 1073; x_wconf 89' lang='lat' dir='ltr'>tandem</span> <span class='ocrx_word' id='word_1_50' title='bbox 786 1009 1024 1074; x_wconf 87' lang='lat' dir='ltr'>scribendarum</span> <span class='ocrx_word' id='word_1_51' title='bbox 1038 1009 1147 1096; x_wconf 87' lang='lat' dir='ltr'>legum</span> <span class='ocrx_word' id='word_1_52' title='bbox 1170 1010 1300 1076; x_wconf 90' lang='lat' dir='ltr'>initium</span> <span class='ocrx_word' id='word_1_53' title='bbox 1322 1011 1427 1078; x_wconf 89' lang='lat' dir='ltr'>fieret.</span> 
     </span>
     <span class='ocr_line' id='line_1_8' title="bbox 244 1115 1430 1200; baseline -0.001 -18"><span class='ocrx_word' id='word_1_54' title='bbox 244 1116 354 1182; x_wconf 83' lang='lat' dir='ltr'>Placet</span> <span class='ocrx_word' id='word_1_55' title='bbox 376 1116 476 1181; x_wconf 90' lang='lat' dir='ltr'>creari</span> <span class='ocrx_word' id='word_1_56' title='bbox 491 1115 607 1179; x_wconf 76' lang='lat' dir='ltr'>Xuiros</span> <span class='ocrx_word' id='word_1_57' title='bbox 630 1115 699 1179; x_wconf 91' lang='lat' dir='ltr'>sine</span> <span class='ocrx_word' id='word_1_58' title='bbox 714 1115 949 1198; x_wconf 87' lang='lat' dir='ltr'>provocatione,</span> <span class='ocrx_word' id='word_1_59' title='bbox 973 1119 1005 1180; x_wconf 88' lang='lat' dir='ltr'>et</span> <span class='ocrx_word' id='word_1_60' title='bbox 1028 1137 1068 1178; x_wconf 91' lang='lat' dir='ltr'>ne</span> <span class='ocrx_word' id='word_1_61' title='bbox 1091 1115 1162 1200; x_wconf 89' lang='lat' dir='ltr'>quis</span> <span class='ocrx_word' id='word_1_62' title='bbox 1185 1139 1222 1181; x_wconf 91' lang='lat' dir='ltr'>eo</span> <span class='ocrx_word' id='word_1_63' title='bbox 1245 1138 1329 1181; x_wconf 91' lang='lat' dir='ltr'>anno</span> <span class='ocrx_word' id='word_1_64' title='bbox 1344 1117 1430 1182; x_wconf 86' lang='lat' dir='ltr'>alius</span> 
     </span>
     <span class='ocr_line' id='line_1_9' title="bbox 246 1218 1431 1308; baseline 0 -20"><span class='ocrx_word' id='word_1_65' title='bbox 246 1223 454 1308; x_wconf 86' lang='lat' dir='ltr'>magistratus</span> <span class='ocrx_word' id='word_1_66' title='bbox 484 1223 576 1285; x_wconf 90' lang='lat' dir='ltr'>esset.</span> <span class='ocrx_word' id='word_1_67' title='bbox 627 1218 929 1285; x_wconf 85' lang='lat' dir='ltr'>Admiscerentnrne</span> <span class='ocrx_word' id='word_1_68' title='bbox 963 1220 1086 1305; x_wconf 89' lang='lat' dir='ltr'>plebei,</span> <span class='ocrx_word' id='word_1_69' title='bbox 1118 1224 1334 1288; x_wconf 87' lang='lat' dir='ltr'>controversia</span> <span class='ocrx_word' id='word_1_70' title='bbox 1368 1222 1431 1288; x_wconf 87' lang='lat' dir='ltr'>ali-</span> 
     </span>
     <span class='ocr_line' id='line_1_10' title="bbox 247 1326 1429 1413; baseline 0 -20"><span class='ocrx_word' id='word_1_71' title='bbox 247 1327 398 1413; x_wconf 86' lang='lat' dir='ltr'>quamdiu</span> <span class='ocrx_word' id='word_1_72' title='bbox 429 1326 508 1404; x_wconf 80' lang='lat' dir='ltr'>iuit3</span> <span class='ocrx_word' id='word_1_73' title='bbox 540 1330 701 1410; x_wconf 90' lang='lat' dir='ltr'>postremo</span> <span class='ocrx_word' id='word_1_74' title='bbox 734 1348 916 1391; x_wconf 86' lang='lat' dir='ltr'>concessum</span> <span class='ocrx_word' id='word_1_75' title='bbox 948 1327 1104 1410; x_wconf 86' lang='lat' dir='ltr'>patribus.</span> <span class='ocrx_word' id='word_1_76' title='bbox 1136 1362 1181 1373; x_wconf 87' lang='lat'>-</span> <span class='ocrx_word' id='word_1_77' title='bbox 1209 1326 1266 1413; x_wconf 84' lang='lat'>(33</span> <span class='ocrx_word' id='word_1_78' title='bbox 1275 1328 1298 1412; x_wconf 90' lang='lat'>:)</span> <span class='ocrx_word' id='word_1_79' title='bbox 1330 1328 1429 1394; x_wconf 85' lang='lat' dir='ltr'>Anno</span> 
     </span>
     <span class='ocr_line' id='line_1_11' title="bbox 244 1430 1431 1516; baseline 0.002 -19"><span class='ocrx_word' id='word_1_80' title='bbox 244 1432 467 1498; x_wconf 91' lang='lat' dir='ltr'>trecentesimo</span> <span class='ocrx_word' id='word_1_81' title='bbox 483 1431 595 1512; x_wconf 87' lang='lat' dir='ltr'>altero,</span> <span class='ocrx_word' id='word_1_82' title='bbox 619 1455 715 1516; x_wconf 93' lang='lat' dir='ltr'>quam</span> <span class='ocrx_word' id='word_1_83' title='bbox 730 1432 859 1496; x_wconf 90' lang='lat' dir='ltr'>condita</span> <span class='ocrx_word' id='word_1_84' title='bbox 873 1430 978 1496; x_wconf 86' lang='lat' dir='ltr'>Roma</span> <span class='ocrx_word' id='word_1_85' title='bbox 1000 1437 1079 1513; x_wconf 89' lang='lat' dir='ltr'>erat,</span> <span class='ocrx_word' id='word_1_86' title='bbox 1096 1469 1137 1480; x_wconf 85' lang='lat'>-</span> <span class='ocrx_word' id='word_1_87' title='bbox 1154 1435 1299 1498; x_wconf 86' lang='lat' dir='ltr'>mutatur</span> <span class='ocrx_word' id='word_1_88' title='bbox 1321 1433 1431 1500; x_wconf 85' lang='lat' dir='ltr'>forma</span> 
     </span>
     <span class='ocr_line' id='line_1_12' title="bbox 247 1536 1430 1624; baseline 0.002 -22"><span class='ocrx_word' id='word_1_89' title='bbox 247 1537 388 1603; x_wconf 88' lang='lat' dir='ltr'>civitatis</span> <span class='ocrx_word' id='word_1_90' title='bbox 412 1538 452 1601; x_wconf 90' lang='lat' dir='ltr'>ab</span> <span class='ocrx_word' id='word_1_91' title='bbox 474 1537 658 1602; x_wconf 90' lang='lat' dir='ltr'>consulibus</span> <span class='ocrx_word' id='word_1_92' title='bbox 690 1537 730 1602; x_wconf 93' lang='lat' dir='ltr'>ad</span> <span class='ocrx_word' id='word_1_93' title='bbox 752 1536 878 1603; x_wconf 77' lang='lat' dir='ltr'>Xuiros.</span> <span class='ocrx_word' id='word_1_94' title='bbox 903 1573 946 1584; x_wconf 77' lang='lat'>—</span> <span class='ocrx_word' id='word_1_95' title='bbox 968 1537 1147 1604; x_wconf 85' lang='lat' dir='ltr'>Decemviri</span> <span class='ocrx_word' id='word_1_96' title='bbox 1179 1539 1278 1603; x_wconf 89' lang='lat' dir='ltr'>creati</span> <span class='ocrx_word' id='word_1_97' title='bbox 1301 1537 1430 1624; x_wconf 86' lang='lat' dir='ltr'>Appius</span> 
     </span>
     <span class='ocr_line' id='line_1_13' title="bbox 247 1640 1430 1729; baseline 0.001 -20"><span class='ocrx_word' id='word_1_98' title='bbox 247 1643 398 1709; x_wconf 81' lang='lat' dir='ltr'>Claudius</span> <span class='ocrx_word' id='word_1_99' title='bbox 422 1647 474 1707; x_wconf 86' lang='lat' dir='ltr'>eet.</span> <span class='ocrx_word' id='word_1_100' title='bbox 496 1679 540 1688; x_wconf 93' lang='lat'>—</span> <span class='ocrx_word' id='word_1_101' title='bbox 563 1640 651 1725; x_wconf 78' lang='grc'><strong>(341)</strong></span> <span class='ocrx_word' id='word_1_102' title='bbox 676 1642 759 1707; x_wconf 84' lang='lat' dir='ltr'>Tum</span> <span class='ocrx_word' id='word_1_103' title='bbox 775 1642 868 1727; x_wconf 85' lang='lat'>(303)</span> <span class='ocrx_word' id='word_1_104' title='bbox 883 1643 1010 1728; x_wconf 88' lang='lat' dir='ltr'>legibus</span> <span class='ocrx_word' id='word_1_105' title='bbox 1025 1643 1195 1708; x_wconf 89' lang='lat' dir='ltr'>condendis</span> <span class='ocrx_word' id='word_1_106' title='bbox 1214 1666 1312 1729; x_wconf 90' lang='lat' dir='ltr'>opera</span> <span class='ocrx_word' id='word_1_107' title='bbox 1328 1644 1430 1710; x_wconf 89' lang='lat' dir='ltr'>daba-</span> 
     </span>
     <span class='ocr_line' id='line_1_14' title="bbox 246 1747 1429 1833; baseline 0.001 -20"><span class='ocrx_word' id='word_1_108' title='bbox 246 1753 319 1827; x_wconf 88' lang='lat' dir='ltr'>tur;</span> <span class='ocrx_word' id='word_1_109' title='bbox 350 1747 537 1833; x_wconf 87' lang='lat' dir='ltr'>ingentique</span> <span class='ocrx_word' id='word_1_110' title='bbox 569 1747 736 1812; x_wconf 92' lang='lat' dir='ltr'>hominum</span> <span class='ocrx_word' id='word_1_111' title='bbox 768 1749 1002 1832; x_wconf 87' lang='lat' dir='ltr'>exspectatione</span> <span class='ocrx_word' id='word_1_112' title='bbox 1033 1748 1205 1833; x_wconf 87' lang='lat' dir='ltr'>propositis</span> <span class='ocrx_word' id='word_1_113' title='bbox 1234 1748 1265 1811; x_wconf 91' lang='lat' dir='ltr'>X</span> <span class='ocrx_word' id='word_1_114' title='bbox 1296 1749 1429 1832; x_wconf 87' lang='lat' dir='ltr'>tabulis,</span> 
     </span>
     <span class='ocr_line' id='line_1_15' title="bbox 247 1851 1432 1938; baseline 0.002 -21"><span class='ocrx_word' id='word_1_115' title='bbox 247 1852 401 1938; x_wconf 87' lang='lat' dir='ltr'>populum</span> <span class='ocrx_word' id='word_1_116' title='bbox 424 1853 464 1917; x_wconf 92' lang='lat' dir='ltr'>ad</span> <span class='ocrx_word' id='word_1_117' title='bbox 486 1852 666 1916; x_wconf 90' lang='lat' dir='ltr'>contionem</span> <span class='ocrx_word' id='word_1_118' title='bbox 689 1852 941 1917; x_wconf 87' lang='lat' dir='ltr'>advocaverunt:</span> <span class='ocrx_word' id='word_1_119' title='bbox 964 1888 1007 1900; x_wconf 91' lang='lat'>-—</span> <span class='ocrx_word' id='word_1_120' title='bbox 1028 1851 1071 1918; x_wconf 84' lang='lat' dir='ltr'>‘se</span> <span class='ocrx_word' id='word_1_121' title='bbox 1094 1890 1134 1899; x_wconf 90' lang='lat'><em>-</em></span> <span class='ocrx_word' id='word_1_122' title='bbox 1158 1853 1316 1935; x_wconf 91' lang='lat' dir='ltr'>omnibus,</span> <span class='ocrx_word' id='word_1_123' title='bbox 1340 1877 1432 1919; x_wconf 87' lang='lat' dir='ltr'>sum-</span> 
     </span>
     <span class='ocr_line' id='line_1_16' title="bbox 247 1954 1431 2042; baseline 0 -19"><span class='ocrx_word' id='word_1_124' title='bbox 247 1960 308 2023; x_wconf 90' lang='lat' dir='ltr'>mis</span> <span class='ocrx_word' id='word_1_125' title='bbox 330 1958 530 2042; x_wconf 84' lang='lat' dir='ltr'>infimisque,</span> <span class='ocrx_word' id='word_1_126' title='bbox 562 1957 633 2021; x_wconf 91' lang='lat' dir='ltr'>iura</span> <span class='ocrx_word' id='word_1_127' title='bbox 663 1954 830 2041; x_wconf 87' lang='lat' dir='ltr'>aequasse’.</span> <span class='ocrx_word' id='word_1_128' title='bbox 854 1995 897 2003; x_wconf 88' lang='lat'><em>-</em></span> <span class='ocrx_word' id='word_1_129' title='bbox 921 1955 1000 2022; x_wconf 70' lang='lat' dir='ltr'>(ium</span> <span class='ocrx_word' id='word_1_130' title='bbox 1023 1958 1063 2023; x_wconf 93' lang='lat' dir='ltr'>ad</span> <span class='ocrx_word' id='word_1_131' title='bbox 1086 1979 1227 2024; x_wconf 90' lang='lat' dir='ltr'>rumores</span> <span class='ocrx_word' id='word_1_132' title='bbox 1259 1958 1431 2024; x_wconf 93' lang='lat' dir='ltr'>hominum</span> 
     </span>
     <span class='ocr_line' id='line_1_17' title="bbox 248 2062 1430 2148; baseline 0.001 -20"><span class='ocrx_word' id='word_1_133' title='bbox 248 2065 287 2128; x_wconf 92' lang='lat' dir='ltr'>de</span> <span class='ocrx_word' id='word_1_134' title='bbox 309 2086 500 2148; x_wconf 92' lang='lat' dir='ltr'>unoquoque</span> <span class='ocrx_word' id='word_1_135' title='bbox 532 2062 641 2147; x_wconf 88' lang='lat' dir='ltr'>legum</span> <span class='ocrx_word' id='word_1_136' title='bbox 671 2063 775 2147; x_wconf 85' lang='lat' dir='ltr'>capite</span> <span class='ocrx_word' id='word_1_137' title='bbox 806 2064 907 2128; x_wconf 89' lang='lat' dir='ltr'>editos</span> <span class='ocrx_word' id='word_1_138' title='bbox 940 2065 1019 2130; x_wconf 90' lang='lat' dir='ltr'>satis</span> <span class='ocrx_word' id='word_1_139' title='bbox 1049 2068 1207 2130; x_wconf 87' lang='lat' dir='ltr'>correctae</span> <span class='ocrx_word' id='word_1_140' title='bbox 1233 2065 1430 2146; x_wconf 84' lang='lat' dir='ltr'>viderentur,</span> 
     </span>
     <span class='ocr_line' id='line_1_18' title="bbox 248 2167 1431 2255; baseline 0.002 -21"><span class='ocrx_word' id='word_1_141' title='bbox 248 2170 436 2234; x_wconf 87' lang='lat' dir='ltr'>centuriatis</span> <span class='ocrx_word' id='word_1_142' title='bbox 459 2168 596 2234; x_wconf 89' lang='lat' dir='ltr'>comitiis</span> <span class='ocrx_word' id='word_1_143' title='bbox 611 2168 642 2231; x_wconf 91' lang='lat' dir='ltr'>X</span> <span class='ocrx_word' id='word_1_144' title='bbox 657 2167 841 2234; x_wconf 90' lang='lat' dir='ltr'>tabularum</span> <span class='ocrx_word' id='word_1_145' title='bbox 864 2169 950 2255; x_wconf 86' lang='lat' dir='ltr'>leges</span> <span class='ocrx_word' id='word_1_146' title='bbox 973 2170 1115 2254; x_wconf 86' lang='lat' dir='ltr'>perlatae</span> <span class='ocrx_word' id='word_1_147' title='bbox 1137 2173 1222 2250; x_wconf 87' lang='lat' dir='ltr'>sunt,</span> <span class='ocrx_word' id='word_1_148' title='bbox 1246 2193 1328 2254; x_wconf 91' lang='lat' dir='ltr'>quae</span> <span class='ocrx_word' id='word_1_149' title='bbox 1343 2193 1431 2236; x_wconf 91' lang='lat' dir='ltr'>nunc</span> 
     </span>
     <span class='ocr_line' id='line_1_19' title="bbox 249 2272 1430 2362; baseline 0.003 -24"><span class='ocrx_word' id='word_1_150' title='bbox 249 2297 374 2360; x_wconf 92' lang='lat' dir='ltr'>quoque</span> <span class='ocrx_word' id='word_1_151' title='bbox 396 2275 430 2338; x_wconf 90' lang='lat' dir='ltr'>in</span> <span class='ocrx_word' id='word_1_152' title='bbox 446 2274 506 2338; x_wconf 92' lang='lat' dir='ltr'>hoc</span> <span class='ocrx_word' id='word_1_153' title='bbox 528 2273 682 2338; x_wconf 90' lang='lat' dir='ltr'>immenso</span> <span class='ocrx_word' id='word_1_154' title='bbox 699 2272 835 2338; x_wconf 91' lang='lat' dir='ltr'>aliarum</span> <span class='ocrx_word' id='word_1_155' title='bbox 858 2297 952 2359; x_wconf 87' lang='lat' dir='ltr'>super</span> <span class='ocrx_word' id='word_1_156' title='bbox 974 2275 1054 2340; x_wconf 87' lang='lat' dir='ltr'>alias</span> <span class='ocrx_word' id='word_1_157' title='bbox 1077 2279 1295 2341; x_wconf 89' lang='lat' dir='ltr'>acervatarum</span> <span class='ocrx_word' id='word_1_158' title='bbox 1318 2275 1430 2362; x_wconf 87' lang='lat' dir='ltr'>legum</span> 
     </span>
     <span class='ocr_line' id='line_1_20' title="bbox 248 2379 1429 2466; baseline 0.002 -21"><span class='ocrx_word' id='word_1_159' title='bbox 248 2381 375 2446; x_wconf 92' lang='lat' dir='ltr'>cumulo</span> <span class='ocrx_word' id='word_1_160' title='bbox 390 2380 462 2445; x_wconf 82' lang='lat' dir='ltr'>fons</span> <span class='ocrx_word' id='word_1_161' title='bbox 479 2380 583 2445; x_wconf 90' lang='lat' dir='ltr'>omnis</span> <span class='ocrx_word' id='word_1_162' title='bbox 600 2379 720 2463; x_wconf 91' lang='lat' dir='ltr'>publici</span> <span class='ocrx_word' id='word_1_163' title='bbox 735 2379 917 2464; x_wconf 87' lang='lat' dir='ltr'>privatique</span> <span class='ocrx_word' id='word_1_164' title='bbox 932 2385 980 2445; x_wconf 88' lang='lat' dir='ltr'>est</span> <span class='ocrx_word' id='word_1_165' title='bbox 1000 2381 1089 2445; x_wconf 90' lang='lat' dir='ltr'>iuris.</span> <span class='ocrx_word' id='word_1_166' title='bbox 1136 2379 1299 2466; x_wconf 85' lang='lat' dir='ltr'>Vulgatur</span> <span class='ocrx_word' id='word_1_167' title='bbox 1314 2382 1429 2447; x_wconf 90' lang='lat' dir='ltr'>deinde</span> 
     </span>
     <span class='ocr_line' id='line_1_21' title="bbox 249 2486 1431 2570; baseline 0 -19"><span class='ocrx_word' id='word_1_168' title='bbox 249 2508 368 2566; x_wconf 91' lang='lat' dir='ltr'>rumor,</span> <span class='ocrx_word' id='word_1_169' title='bbox 391 2487 469 2550; x_wconf 91' lang='lat' dir='ltr'>duas</span> <span class='ocrx_word' id='word_1_170' title='bbox 492 2487 598 2550; x_wconf 89' lang='lat' dir='ltr'>deesse</span> <span class='ocrx_word' id='word_1_171' title='bbox 620 2486 764 2566; x_wconf 86' lang='lat' dir='ltr'>tabulas,</span> <span class='ocrx_word' id='word_1_172' title='bbox 788 2487 903 2570; x_wconf 92' lang='lat' dir='ltr'>quibus</span> <span class='ocrx_word' id='word_1_173' title='bbox 926 2487 1056 2552; x_wconf 89' lang='lat' dir='ltr'>adiectis</span> <span class='ocrx_word' id='word_1_174' title='bbox 1080 2486 1203 2551; x_wconf 84' lang='lat' dir='ltr'>absolvi</span> <span class='ocrx_word' id='word_1_175' title='bbox 1225 2509 1317 2570; x_wconf 89' lang='lat' dir='ltr'>posse</span> <span class='ocrx_word' id='word_1_176' title='bbox 1341 2488 1431 2551; x_wconf 89' lang='lat' dir='ltr'>velut</span> 
     </span>
     <span class='ocr_line' id='line_1_22' title="bbox 248 2590 1428 2677; baseline 0 -20"><span class='ocrx_word' id='word_1_177' title='bbox 248 2613 362 2677; x_wconf 88' lang='lat' dir='ltr'>corpus</span> <span class='ocrx_word' id='word_1_178' title='bbox 378 2592 480 2656; x_wconf 89' lang='lat' dir='ltr'>omnis</span> <span class='ocrx_word' id='word_1_179' title='bbox 495 2590 633 2656; x_wconf 86' lang='lat' dir='ltr'>Romani</span> <span class='ocrx_word' id='word_1_180' title='bbox 649 2590 737 2656; x_wconf 89' lang='lat' dir='ltr'>iuris.</span> <span class='ocrx_word' id='word_1_181' title='bbox 771 2591 821 2657; x_wconf 84' lang='lat' dir='ltr'>Ea</span> <span class='ocrx_word' id='word_1_182' title='bbox 839 2591 1033 2675; x_wconf 86' lang='lat' dir='ltr'>exspectatio</span> <span class='ocrx_word' id='word_1_183' title='bbox 1050 2630 1091 2638; x_wconf 97' lang='lat'><strong>—</strong></span> <span class='ocrx_word' id='word_1_184' title='bbox 1107 2591 1297 2656; x_wconf 86' lang='lat' dir='ltr'>desiderium</span> <span class='ocrx_word' id='word_1_185' title='bbox 1308 2592 1428 2657; x_wconf 87' lang='lat' dir='ltr'>Xviros</span> 
     </span>
     <span class='ocr_line' id='line_1_23' title="bbox 250 2695 1433 2783; baseline 0.001 -22"><span class='ocrx_word' id='word_1_186' title='bbox 250 2699 366 2779; x_wconf 88' lang='lat' dir='ltr'>iterum</span> <span class='ocrx_word' id='word_1_187' title='bbox 400 2697 527 2761; x_wconf 89' lang='lat' dir='ltr'>creandi</span> <span class='ocrx_word' id='word_1_188' title='bbox 556 2696 642 2763; x_wconf 84' lang='lat' dir='ltr'>fecit.</span> <span class='ocrx_word' id='word_1_189' title='bbox 668 2733 708 2743; x_wconf 92' lang='lat'>-</span> <span class='ocrx_word' id='word_1_190' title='bbox 732 2695 913 2783; x_wconf 65' lang='grc'><strong>(3711111</strong></span> <span class='ocrx_word' id='word_1_191' title='bbox 942 2702 974 2762; x_wconf 86' lang='lat' dir='ltr'>et</span> <span class='ocrx_word' id='word_1_192' title='bbox 996 2701 1191 2781; x_wconf 88' lang='lat' dir='ltr'>processerat</span> <span class='ocrx_word' id='word_1_193' title='bbox 1221 2720 1296 2782; x_wconf 90' lang='lat' dir='ltr'>pars</span> <span class='ocrx_word' id='word_1_194' title='bbox 1327 2699 1433 2762; x_wconf 88' lang='lat' dir='ltr'>maior</span> 
     </span>
     <span class='ocr_line' id='line_1_24' title="bbox 250 2802 1430 2888; baseline -0.001 -19"><span class='ocrx_word' id='word_1_195' title='bbox 250 2804 499 2887; x_wconf 81' lang='grc'><strong>111111(304)11</strong></span> <span class='ocrx_word' id='word_1_196' title='bbox 530 2805 610 2868; x_wconf 90' lang='lat' dir='ltr'>duae</span> <span class='ocrx_word' id='word_1_197' title='bbox 631 2802 761 2868; x_wconf 89' lang='lat' dir='ltr'>tabulae</span> <span class='ocrx_word' id='word_1_198' title='bbox 794 2803 903 2888; x_wconf 89' lang='lat' dir='ltr'>legum</span> <span class='ocrx_word' id='word_1_199' title='bbox 935 2804 974 2868; x_wconf 91' lang='lat' dir='ltr'>ad</span> <span class='ocrx_word' id='word_1_200' title='bbox 1004 2803 1119 2888; x_wconf 89' lang='lat' dir='ltr'>prioris</span> <span class='ocrx_word' id='word_1_201' title='bbox 1150 2803 1227 2867; x_wconf 92' lang='lat' dir='ltr'>anni</span> <span class='ocrx_word' id='word_1_202' title='bbox 1249 2802 1280 2867; x_wconf 89' lang='lat' dir='ltr'>X</span> <span class='ocrx_word' id='word_1_203' title='bbox 1301 2802 1430 2868; x_wconf 88' lang='lat' dir='ltr'>tabulas</span> 
     </span>
     <span class='ocr_line' id='line_1_25' title="bbox 249 2909 1430 2995; baseline -0.002 -19"><span class='ocrx_word' id='word_1_204' title='bbox 249 2915 340 2976; x_wconf 91' lang='lat' dir='ltr'>erant</span> <span class='ocrx_word' id='word_1_205' title='bbox 362 2909 512 2989; x_wconf 89' lang='lat' dir='ltr'>adiectae,</span> <span class='ocrx_word' id='word_1_206' title='bbox 535 2909 775 2993; x_wconf 89' lang='lat' dir='ltr'>necquicquam</span> <span class='ocrx_word' id='word_1_207' title='bbox 796 2909 862 2974; x_wconf 93' lang='lat' dir='ltr'>iam</span> <span class='ocrx_word' id='word_1_208' title='bbox 877 2915 1050 2993; x_wconf 84' lang='lat' dir='ltr'>supererat,</span> <span class='ocrx_word' id='word_1_209' title='bbox 1074 2910 1102 2974; x_wconf 92' lang='lat' dir='ltr'>si</span> <span class='ocrx_word' id='word_1_210' title='bbox 1123 2931 1177 2976; x_wconf 90' lang='lat' dir='ltr'>eae</span> <span class='ocrx_word' id='word_1_211' title='bbox 1192 2930 1318 2994; x_wconf 92' lang='lat' dir='ltr'>quoque</span> <span class='ocrx_word' id='word_1_212' title='bbox 1340 2909 1430 2995; x_wconf 86' lang='lat' dir='ltr'>leges</span> 
     </span>
     <span class='ocr_line' id='line_1_26' title="bbox 249 3013 1431 3100; baseline -0.002 -20"><span class='ocrx_word' id='word_1_213' title='bbox 249 3013 435 3080; x_wconf 87' lang='lat' dir='ltr'>centuriatis</span> <span class='ocrx_word' id='word_1_214' title='bbox 459 3015 596 3079; x_wconf 86' lang='lat' dir='ltr'>comitiis</span> <span class='ocrx_word' id='word_1_215' title='bbox 611 3013 752 3097; x_wconf 86' lang='lat' dir='ltr'>perlatae</span> <span class='ocrx_word' id='word_1_216' title='bbox 767 3016 881 3092; x_wconf 85' lang='lat' dir='ltr'>essent,</span> <span class='ocrx_word' id='word_1_217' title='bbox 905 3034 961 3076; x_wconf 88' lang='lat' dir='ltr'>cur</span> <span class='ocrx_word' id='word_1_218' title='bbox 976 3036 1013 3078; x_wconf 91' lang='lat' dir='ltr'>eo</span> <span class='ocrx_word' id='word_1_219' title='bbox 1036 3014 1228 3100; x_wconf 89' lang='lat' dir='ltr'>magistratu</span> <span class='ocrx_word' id='word_1_220' title='bbox 1251 3015 1297 3078; x_wconf 90' lang='lat' dir='ltr'>rei</span> <span class='ocrx_word' id='word_1_221' title='bbox 1319 3015 1431 3099; x_wconf 93' lang='lat' dir='ltr'>publi-</span> 
     </span>
     <span class='ocr_line' id='line_1_27' title="bbox 248 3116 1433 3208; baseline -0.004 -19"><span class='ocrx_word' id='word_1_222' title='bbox 248 3146 303 3188; x_wconf 88' lang='lat' dir='ltr'>cae</span> <span class='ocrx_word' id='word_1_223' title='bbox 326 3146 404 3208; x_wconf 86' lang='lat' dir='ltr'>opus</span> <span class='ocrx_word' id='word_1_224' title='bbox 428 3125 519 3186; x_wconf 89' lang='lat' dir='ltr'>esset.</span> <span class='ocrx_word' id='word_1_225' title='bbox 566 3117 651 3203; x_wconf 76' lang='grc'><strong>(571)</strong></span> <span class='ocrx_word' id='word_1_226' title='bbox 679 3116 871 3202; x_wconf 90' lang='lat' dir='ltr'>Priusquam</span> <span class='ocrx_word' id='word_1_227' title='bbox 890 3119 1003 3183; x_wconf 92' lang='lat' dir='ltr'>urbem</span> <span class='ocrx_word' id='word_1_228' title='bbox 1026 3121 1251 3205; x_wconf 87' lang='lat' dir='ltr'>egrederentur</span> <span class='ocrx_word' id='word_1_229' title='bbox 1274 3157 1315 3166; x_wconf 94' lang='lat'><em>-</em></span> <span class='ocrx_word' id='word_1_230' title='bbox 1343 3119 1433 3203; x_wconf 87' lang='lat' dir='ltr'>(eon--</span> 
     </span>
     <span class='ocr_line' id='line_1_28' title="bbox 248 3222 1434 3310; baseline -0.004 -16"><span class='ocrx_word' id='word_1_231' title='bbox 248 3230 331 3294; x_wconf 80' lang='lat' dir='ltr'>sulus</span> <span class='ocrx_word' id='word_1_232' title='bbox 359 3251 389 3295; x_wconf 91' lang='lat' dir='ltr'>u.</span> <span class='ocrx_word' id='word_1_233' title='bbox 412 3227 489 3310; x_wconf 87' lang='grc'>300)</span> <span class='ocrx_word' id='word_1_234' title='bbox 519 3225 604 3309; x_wconf 85' lang='lat' dir='ltr'>leges</span> <span class='ocrx_word' id='word_1_235' title='bbox 636 3222 873 3303; x_wconf 82' lang='lat' dir='ltr'>decemvirales,</span> <span class='ocrx_word' id='word_1_236' title='bbox 905 3223 1021 3306; x_wconf 89' lang='lat' dir='ltr'>quibus</span> <span class='ocrx_word' id='word_1_237' title='bbox 1044 3224 1163 3289; x_wconf 86' lang='lat' dir='ltr'>tabulis</span> <span class='ocrx_word' id='word_1_238' title='bbox 1186 3224 1352 3289; x_wconf 90' lang='lat' dir='ltr'>duodecim</span> <span class='ocrx_word' id='word_1_239' title='bbox 1383 3229 1434 3290; x_wconf 88' lang='lat' dir='ltr'>est</span> 
     </span>
    </p>
   </div>
   <div class='ocr_carea' id='block_1_3' title="bbox 249 3328 1432 3503">
    <p class='ocr_par' dir='ltr' id='par_1_3' title="bbox 249 3328 1432 3503">
     <span class='ocr_line' id='line_1_29' title="bbox 249 3328 1432 3416; baseline -0.003 -18"><span class='ocrx_word' id='word_1_240' title='bbox 249 3356 375 3412; x_wconf 91' lang='lat' dir='ltr'>nomen,</span> <span class='ocrx_word' id='word_1_241' title='bbox 399 3332 433 3396; x_wconf 90' lang='lat' dir='ltr'>in</span> <span class='ocrx_word' id='word_1_242' title='bbox 457 3353 508 3395; x_wconf 89' lang='lat' dir='ltr'>aes</span> <span class='ocrx_word' id='word_1_243' title='bbox 531 3330 646 3394; x_wconf 91' lang='lat' dir='ltr'>incisas</span> <span class='ocrx_word' id='word_1_244' title='bbox 669 3329 703 3393; x_wconf 94' lang='lat' dir='ltr'>in</span> <span class='ocrx_word' id='word_1_245' title='bbox 725 3329 853 3412; x_wconf 87' lang='lat' dir='ltr'>publico</span> <span class='ocrx_word' id='word_1_246' title='bbox 876 3334 1119 3414; x_wconf 87' lang='lat' dir='ltr'>proposuerunt.</span> <span class='ocrx_word' id='word_1_247' title='bbox 1164 3328 1247 3396; x_wconf 86' lang='lat' dir='ltr'>Sunt</span> <span class='ocrx_word' id='word_1_248' title='bbox 1268 3331 1324 3416; x_wconf 93' lang='lat' dir='ltr'>qui</span> <span class='ocrx_word' id='word_1_249' title='bbox 1339 3330 1432 3396; x_wconf 91' lang='lat' dir='ltr'>iussu</span> 
     </span>
     <span class='ocr_line' id='line_1_30' title="bbox 250 3434 1206 3503; baseline -0.003 0"><span class='ocrx_word' id='word_1_250' title='bbox 250 3438 454 3503; x_wconf 92' lang='lat' dir='ltr'>tribunorum</span> <span class='ocrx_word' id='word_1_251' title='bbox 477 3436 594 3501; x_wconf 88' lang='lat' dir='ltr'>aediles</span> <span class='ocrx_word' id='word_1_252' title='bbox 616 3436 744 3500; x_wconf 82' lang='lat' dir='ltr'>functos</span> <span class='ocrx_word' id='word_1_253' title='bbox 767 3456 803 3500; x_wconf 90' lang='lat' dir='ltr'>eo</span> <span class='ocrx_word' id='word_1_254' title='bbox 827 3435 1004 3500; x_wconf 90' lang='lat' dir='ltr'>ministerio</span> <span class='ocrx_word' id='word_1_255' title='bbox 1027 3434 1206 3501; x_wconf 79' lang='grc' dir='ltr'>1111111111.ι</span> 
     </span>
    </p>
   </div>
   <div class='ocr_carea' id='block_1_4' title="bbox 249 3608 1438 4475">
    <p class='ocr_par' dir='ltr' id='par_1_4' title="bbox 249 3608 1438 4475">
     <span class='ocr_line' id='line_1_31' title="bbox 324 3608 1434 3682; baseline 0 -16"><span class='ocrx_word' id='word_1_256' title='bbox 324 3615 350 3681; x_wconf 90' lang='grc'>1)</span> <span class='ocrx_word' id='word_1_257' title='bbox 369 3612 505 3682; x_wconf 70' lang='lat' dir='ltr'>Quaenam</span> <span class='ocrx_word' id='word_1_258' title='bbox 530 3609 596 3662; x_wconf 89' lang='lat' dir='ltr'>XII</span> <span class='ocrx_word' id='word_1_259' title='bbox 612 3610 666 3664; x_wconf 86' lang='lat' dir='ltr'>tub.</span> <span class='ocrx_word' id='word_1_260' title='bbox 691 3609 766 3678; x_wconf 83' lang='lat' dir='ltr'>opud</span> <span class='ocrx_word' id='word_1_261' title='bbox 784 3609 921 3664; x_wconf 86' lang='lat' dir='ltr'>chinnos</span> <span class='ocrx_word' id='word_1_262' title='bbox 939 3608 1047 3678; x_wconf 79' lang='lat' dir='ltr'>fuerint</span> <span class='ocrx_word' id='word_1_263' title='bbox 1060 3610 1141 3679; x_wconf 87' lang='lat' dir='ltr'>futu,</span> <span class='ocrx_word' id='word_1_264' title='bbox 1167 3609 1298 3679; x_wconf 75' lang='lat' dir='ltr'>qnoinodo</span> <span class='ocrx_word' id='word_1_265' title='bbox 1315 3615 1434 3679; x_wconf 79' lang='lat' dir='ltr'>ceptae</span> 
     </span>
     <span class='ocr_line' id='line_1_32' title="bbox 253 3698 1435 3767; baseline -0.003 -12"><span class='ocrx_word' id='word_1_266' title='bbox 253 3700 342 3756; x_wconf 80' lang='lat' dir='ltr'>Gallis</span> <span class='ocrx_word' id='word_1_267' title='bbox 359 3700 425 3754; x_wconf 82' lang='lat' dir='ltr'>urbe</span> <span class='ocrx_word' id='word_1_268' title='bbox 442 3698 606 3766; x_wconf 78' lang='lat' dir='ltr'>interierint,</span> <span class='ocrx_word' id='word_1_269' title='bbox 634 3714 699 3752; x_wconf 89' lang='lat' dir='ltr'>nnn</span> <span class='ocrx_word' id='word_1_270' title='bbox 712 3703 808 3767; x_wconf 77' lang='lat' dir='ltr'>postea</span> <span class='ocrx_word' id='word_1_271' title='bbox 824 3698 963 3752; x_wconf 77' lang='lat' dir='ltr'>restitutae</span> <span class='ocrx_word' id='word_1_272' title='bbox 979 3698 1049 3765; x_wconf 86' lang='lat' dir='ltr'>sint,</span> <span class='ocrx_word' id='word_1_273' title='bbox 1075 3698 1205 3767; x_wconf 80' lang='lat' dir='ltr'>quomodo</span> <span class='ocrx_word' id='word_1_274' title='bbox 1223 3703 1372 3766; x_wconf 82' lang='lat' dir='ltr'>temporum</span> <span class='ocrx_word' id='word_1_275' title='bbox 1390 3698 1435 3752; x_wconf 84' lang='lat' dir='ltr'>de-</span> 
     </span>
     <span class='ocr_line' id='line_1_33' title="bbox 252 3783 1435 3853; baseline -0.002 -11"><span class='ocrx_word' id='word_1_276' title='bbox 252 3805 333 3843; x_wconf 89' lang='lat' dir='ltr'>cursu</span> <span class='ocrx_word' id='word_1_277' title='bbox 357 3793 446 3842; x_wconf 82' lang='lat' dir='ltr'>tentus</span> <span class='ocrx_word' id='word_1_278' title='bbox 470 3804 561 3840; x_wconf 84' lang='lat' dir='ltr'>eurum</span> <span class='ocrx_word' id='word_1_279' title='bbox 583 3787 619 3840; x_wconf 87' lang='lat' dir='ltr'>sit</span> <span class='ocrx_word' id='word_1_280' title='bbox 636 3791 768 3849; x_wconf 85' lang='lat' dir='ltr'>mutatus,</span> <span class='ocrx_word' id='word_1_281' title='bbox 796 3786 907 3853; x_wconf 80' lang='lat' dir='ltr'>quinum</span> <span class='ocrx_word' id='word_1_282' title='bbox 925 3783 1000 3852; x_wconf 81' lang='lat' dir='ltr'>apud</span> <span class='ocrx_word' id='word_1_283' title='bbox 1016 3789 1112 3839; x_wconf 86' lang='lat' dir='ltr'>ueteres</span> <span class='ocrx_word' id='word_1_284' title='bbox 1130 3786 1165 3840; x_wconf 86' lang='lat' dir='ltr'>iis</span> <span class='ocrx_word' id='word_1_285' title='bbox 1182 3786 1333 3840; x_wconf 76' lang='lat' dir='ltr'>restiterint</span> <span class='ocrx_word' id='word_1_286' title='bbox 1350 3786 1435 3840; x_wconf 85' lang='lat' dir='ltr'>inter·</span> 
     </span>
     <span class='ocr_line' id='line_1_34' title="bbox 249 3872 1436 3946; baseline 0 -16"><span class='ocrx_word' id='word_1_287' title='bbox 249 3882 346 3946; x_wconf 76' lang='lat' dir='ltr'>pretes,</span> <span class='ocrx_word' id='word_1_288' title='bbox 372 3876 462 3930; x_wconf 80' lang='lat' dir='ltr'>onini&#39;ii</span> <span class='ocrx_word' id='word_1_289' title='bbox 480 3876 577 3944; x_wconf 82' lang='lat' dir='ltr'>optime</span> <span class='ocrx_word' id='word_1_290' title='bbox 595 3875 717 3943; x_wconf 73' lang='lat' dir='ltr'>esposuit</span> <span class='ocrx_word' id='word_1_291' title='bbox 736 3873 808 3927; x_wconf 84' lang='lat' dir='ltr'>Rud.</span> <span class='ocrx_word' id='word_1_292' title='bbox 828 3872 947 3938; x_wconf 68' lang='grc'><strong>3111111,</strong></span> <span class='ocrx_word' id='word_1_293' title='bbox 975 3873 1039 3942; x_wconf 70' lang='lat' dir='ltr'>lepis</span> <span class='ocrx_word' id='word_1_294' title='bbox 1057 3873 1126 3926; x_wconf 86' lang='lat' dir='ltr'>XII</span> <span class='ocrx_word' id='word_1_295' title='bbox 1139 3874 1192 3928; x_wconf 86' lang='lat' dir='ltr'>tub.</span> <span class='ocrx_word' id='word_1_296' title='bbox 1210 3875 1341 3942; x_wconf 70' lang='lat' dir='ltr'>reliquiae</span> <span class='ocrx_word' id='word_1_297' title='bbox 1357 3876 1436 3931; x_wconf 86' lang='grc'><strong>1866.</strong></span> 
     </span>
     <span class='ocr_line' id='line_1_35' title="bbox 251 3960 1437 4034; baseline -0.003 -16"><span class='ocrx_word' id='word_1_298' title='bbox 251 3981 278 4034; x_wconf 84' lang='lat' dir='ltr'>p.</span> <span class='ocrx_word' id='word_1_299' title='bbox 297 3967 390 4018; x_wconf 84' lang='lat'><strong><em>1-39.</em></strong></span> <span class='ocrx_word' id='word_1_300' title='bbox 427 3963 481 4033; x_wconf 74' lang='lat' dir='ltr'>Qui</span> <span class='ocrx_word' id='word_1_301' title='bbox 499 3979 561 4017; x_wconf 88' lang='lat' dir='ltr'>uero</span> <span class='ocrx_word' id='word_1_302' title='bbox 579 3969 672 4017; x_wconf 86' lang='lat' dir='ltr'>nostru</span> <span class='ocrx_word' id='word_1_303' title='bbox 690 3968 778 4016; x_wconf 87' lang='lat' dir='ltr'>uetute</span> <span class='ocrx_word' id='word_1_304' title='bbox 802 3961 864 4015; x_wconf 84' lang='lat' dir='ltr'>inde</span> <span class='ocrx_word' id='word_1_305' title='bbox 882 3961 1024 4014; x_wconf 79' lang='lat' dir='ltr'>assecuto</span> <span class='ocrx_word' id='word_1_306' title='bbox 1043 3960 1122 4013; x_wconf 92' lang='lat' dir='ltr'>XVI</span> <span class='ocrx_word' id='word_1_307' title='bbox 1143 3961 1296 4030; x_wconf 72' lang='lat' dir='ltr'>coilipendis</span> <span class='ocrx_word' id='word_1_308' title='bbox 1314 3966 1340 4014; x_wconf 90' lang='lat' dir='ltr'>et</span> <span class='ocrx_word' id='word_1_309' title='bbox 1357 3963 1437 4016; x_wconf 83' lang='lat' dir='ltr'>resti·</span> 
     </span>
     <span class='ocr_line' id='line_1_36' title="bbox 251 4048 1436 4119; baseline -0.002 -13"><span class='ocrx_word' id='word_1_310' title='bbox 251 4053 356 4107; x_wconf 82' lang='lat' dir='ltr'>tuendis</span> <span class='ocrx_word' id='word_1_311' title='bbox 376 4050 445 4104; x_wconf 88' lang='lat' dir='ltr'>XII</span> <span class='ocrx_word' id='word_1_312' title='bbox 459 4051 512 4105; x_wconf 86' lang='lat' dir='ltr'>tub.</span> <span class='ocrx_word' id='word_1_313' title='bbox 531 4050 652 4118; x_wconf 82' lang='lat' dir='ltr'>reliquiis</span> <span class='ocrx_word' id='word_1_314' title='bbox 670 4066 778 4119; x_wconf 70' lang='grc'><strong>1111111</strong></span> <span class='ocrx_word' id='word_1_315' title='bbox 796 4049 917 4103; x_wconf 85' lang='lat' dir='ltr'>dederint</span> <span class='ocrx_word' id='word_1_316' title='bbox 934 4051 1075 4117; x_wconf 68' lang='lat' dir='ltr'>scriptores</span> <span class='ocrx_word' id='word_1_317' title='bbox 1093 4051 1230 4103; x_wconf 84' lang='lat' dir='ltr'>enarrunit</span> <span class='ocrx_word' id='word_1_318' title='bbox 1248 4048 1286 4102; x_wconf 88' lang='grc' dir='ltr'>Η.</span> <span class='ocrx_word' id='word_1_319' title='bbox 1303 4048 1436 4118; x_wconf 84' lang='lat' dir='ltr'>Dirtsen,</span> 
     </span>
     <span class='ocr_line' id='line_1_37' title="bbox 260 4135 1437 4208; baseline -0.001 -15"><span class='ocrx_word' id='word_1_320' title='bbox 260 4139 409 4194; x_wconf 78' lang='lat' dir='ltr'>Uetersiebt</span> <span class='ocrx_word' id='word_1_321' title='bbox 426 4139 472 4192; x_wconf 87' lang='lat' dir='ltr'>der</span> <span class='ocrx_word' id='word_1_322' title='bbox 491 4139 637 4208; x_wconf 73' lang='lat' dir='ltr'>bisberipen</span> <span class='ocrx_word' id='word_1_323' title='bbox 660 4136 789 4191; x_wconf 83' lang='lat' dir='ltr'>Versuebe</span> <span class='ocrx_word' id='word_1_324' title='bbox 812 4153 861 4190; x_wconf 80' lang='lat' dir='ltr'>zur</span> <span class='ocrx_word' id='word_1_325' title='bbox 879 4136 1052 4205; x_wconf 76' lang='lat' dir='ltr'>Heratetlunp</span> <span class='ocrx_word' id='word_1_326' title='bbox 1070 4136 1114 4190; x_wconf 85' lang='lat' dir='ltr'>des</span> <span class='ocrx_word' id='word_1_327' title='bbox 1135 4136 1227 4191; x_wconf 79' lang='lat' dir='ltr'>Teates</span> <span class='ocrx_word' id='word_1_328' title='bbox 1245 4137 1270 4189; x_wconf 86' lang='lat' dir='ltr'>d.</span> <span class='ocrx_word' id='word_1_329' title='bbox 1292 4135 1358 4190; x_wconf 92' lang='lat' dir='ltr'>XII</span> <span class='ocrx_word' id='word_1_330' title='bbox 1372 4137 1437 4206; x_wconf 80' lang='lat' dir='ltr'>I&#39;uf.</span> 
     </span>
     <span class='ocr_line' id='line_1_38' title="bbox 251 4224 1436 4296; baseline -0.002 -16"><span class='ocrx_word' id='word_1_331' title='bbox 251 4230 328 4280; x_wconf 80' lang='lat'><strong><em>1824.</em></strong></span> <span class='ocrx_word' id='word_1_332' title='bbox 366 4226 516 4296; x_wconf 72' lang='lat' dir='ltr'>Quietiora</span> <span class='ocrx_word' id='word_1_333' title='bbox 533 4228 665 4281; x_wconf 84' lang='lat' dir='ltr'>rationem</span> <span class='ocrx_word' id='word_1_334' title='bbox 683 4230 708 4279; x_wconf 89' lang='lat' dir='ltr'>et</span> <span class='ocrx_word' id='word_1_335' title='bbox 725 4225 811 4291; x_wconf 76' lang='grc'><strong>11111,</strong></span> <span class='ocrx_word' id='word_1_336' title='bbox 838 4241 906 4292; x_wconf 80' lang='lat' dir='ltr'>quoe</span> <span class='ocrx_word' id='word_1_337' title='bbox 924 4230 989 4277; x_wconf 88' lang='lat' dir='ltr'>esset</span> <span class='ocrx_word' id='word_1_338' title='bbox 1007 4224 1195 4292; x_wconf 65' lang='lat' dir='ltr'>ingredienda,</span> <span class='ocrx_word' id='word_1_339' title='bbox 1221 4241 1318 4278; x_wconf 85' lang='lat' dir='ltr'>nouum</span> <span class='ocrx_word' id='word_1_340' title='bbox 1336 4226 1436 4280; x_wconf 86' lang='lat' dir='ltr'>consti-</span> 
     </span>
     <span class='ocr_line' id='line_1_39' title="bbox 253 4312 1437 4383; baseline -0.002 -13"><span class='ocrx_word' id='word_1_341' title='bbox 253 4316 306 4370; x_wconf 89' lang='lat' dir='ltr'>tuit</span> <span class='ocrx_word' id='word_1_342' title='bbox 323 4320 452 4383; x_wconf 84' lang='lat' dir='ltr'>tuntuque</span> <span class='ocrx_word' id='word_1_343' title='bbox 469 4314 617 4370; x_wconf 74' lang='lat' dir='ltr'>eruditione</span> <span class='ocrx_word' id='word_1_344' title='bbox 634 4312 756 4380; x_wconf 81' lang='lat' dir='ltr'>absoluit,</span> <span class='ocrx_word' id='word_1_345' title='bbox 774 4318 806 4367; x_wconf 89' lang='lat' dir='ltr'>ut</span> <span class='ocrx_word' id='word_1_346' title='bbox 823 4328 912 4366; x_wconf 83' lang='grc'><strong>111111</strong></span> <span class='ocrx_word' id='word_1_347' title='bbox 930 4313 979 4380; x_wconf 85' lang='lat' dir='ltr'>qni</span> <span class='ocrx_word' id='word_1_348' title='bbox 990 4318 1055 4381; x_wconf 81' lang='lat' dir='ltr'>post</span> <span class='ocrx_word' id='word_1_349' title='bbox 1072 4328 1132 4368; x_wconf 85' lang='lat' dir='ltr'>euin</span> <span class='ocrx_word' id='word_1_350' title='bbox 1144 4313 1212 4366; x_wconf 89' lang='lat' dir='ltr'>XII</span> <span class='ocrx_word' id='word_1_351' title='bbox 1217 4313 1271 4367; x_wconf 82' lang='lat' dir='ltr'>tub.</span> <span class='ocrx_word' id='word_1_352' title='bbox 1284 4313 1437 4381; x_wconf 67' lang='lat' dir='ltr'>ediderunt,</span> 
     </span>
     <span class='ocr_line' id='line_1_40' title="bbox 252 4399 1438 4475; baseline -0.002 -15"><span class='ocrx_word' id='word_1_353' title='bbox 252 4404 282 4460; x_wconf 89' lang='lat' dir='ltr'>i&#39;n</span> <span class='ocrx_word' id='word_1_354' title='bbox 299 4419 329 4460; x_wconf 91' lang='lat' dir='ltr'>eo</span> <span class='ocrx_word' id='word_1_355' title='bbox 348 4405 515 4461; x_wconf 83' lang='lat' dir='ltr'>substiterint</span> <span class='ocrx_word' id='word_1_356' title='bbox 534 4420 626 4475; x_wconf 73' lang='grc'><strong>11111</strong></span> <span class='ocrx_word' id='word_1_357' title='bbox 648 4401 775 4458; x_wconf 64' lang='lat' dir='ltr'>addatis</span> <span class='ocrx_word' id='word_1_358' title='bbox 800 4401 841 4457; x_wconf 88' lang='grc'>111</span> <span class='ocrx_word' id='word_1_359' title='bbox 858 4400 1032 4456; x_wconf 77' lang='lat' dir='ltr'>mundantes.</span> <span class='ocrx_word' id='word_1_360' title='bbox 1069 4399 1249 4471; x_wconf 75' lang='lat' dir='ltr'>Qitodimurn</span> <span class='ocrx_word' id='word_1_361' title='bbox 1267 4400 1438 4472; x_wconf 65' lang='grc'><strong>11111111,</strong></span> 
     </span>
    </p>
   </div>
   <div class='ocr_carea' id='block_1_5' title="bbox 0 0 1484 4996">
    <p class='ocr_par' dir='ltr' id='par_1_5' title="bbox 0 0 1484 4996">
     <span class='ocr_line' id='line_1_41' title="bbox 0 0 1484 4996; baseline 0 0"><span class='ocrx_word' id='word_1_362' title='bbox 0 0 1484 4996; x_wconf 95' lang='lat' dir='ltr'> </span> 
     </span>
    </p>
   </div>
  </div>
 </body>
</html>
