2940 4996
136 294 199 356 232
530 288 685 358 Privilegia
703 290 909 344 veteranorum.

135 467 300 531 tavemnt¹
332 468 364 529 in
392 467 399 545 Ι
427 466 525 530 classe
556 465 743 531 Ravennate
774 467 833 530 sub
856 464 927 531 Sex.
950 466 1072 532 Lucilio
1097 468 1206 549 Basso,
1224 476 1236 547 Ι
1252 481 1311 555 qui

101 579 126 634 5.
136 594 211 636 sena
234 576 266 635 et
289 570 413 635 vicensi2
438 571 597 652 stipendia
620 575 676 634 aut
698 572 792 654 plura
812 569 816 655 Ι
836 576 1021 636 memenmt
1043 576 1076 636 et
1099 579 1175 639 sunt
1189 576 1302 645 deducti

134 679 166 741 in
191 674 425 754 Panno'niam3,
459 697 594 758 qnorum
617 677 747 739 nomina
769 675 950 759 subscripta
970 678 975 759 Ι
995 681 1080 756 sunt,
1105 679 1183 763 ipsis
1204 681 1295 749 liberis

134 781 332 866 posterisque
362 779 487 845 eornm‘
509 783 513 860 Ι
533 780 711 844 civitatem⁶
735 781 822 845 dedit
844 785 877 845 et
899 783 1071 846 conubium
1094 805 1167 848 cum
1181 786 1192 859 Ι
1205 790 1292 852 mori·

55 895 89 958 ΙΙ,
102 889 205 967 Lbus,
230 909 308 970 quas
332 891 409 950 tuno
424 887 622 963 habuissent,
647 885 743 955 euml
764 891 812 951 est
834 887 946 951 civitas
970 888 996 951 is
1020 890 1106 969 data,
1130 896 1187 957 aut
1207 894 1288 975 siqui

135 993 270 1057 caelibes
290 992 294 1078 Ι
315 997 419 1056 essent
439 1014 510 1056 cum
538 993 587 1070 iis,
612 1014 691 1076 quas
718 996 829 1074 postea
856 993 1030 1074 duxissent,
1054 997 1220 1062 dumtaxat
1240 1000 1287 1063 sin·

131 1224 181 1276 etsi
202 1223 393 1290 imperatorum
420 1223 483 1272 sunt
510 1234 527 1269 a
547 1216 661 1269 Claudio
683 1217 821 1283 usquead
839 1216 1053 1287 Diocletianum,
1083 1228 1173 1276 tamen
1190 1230 1285 1291 etorpi

130 1316 217 1362 mento
236 1315 260 1362 et
272 1308 403 1392 formulis
422 1305 560 1359 dniillima
577 1309 641 1356 smil
659 1304 730 1356 inter
748 1320 775 1357 se
792 1310 824 1357 ut
840 1304 962 1372 sufficiat
980 1305 1096 1362 duorum
1112 1327 1237 1378 pennum,
1251 1311 1285 1362 sei

132 1398 191 1450 licet
208 1397 309 1448 ciuibus
327 1395 453 1448 dotorum
472 1398 497 1444 et
515 1391 640 1444 datorum
654 1393 812 1459 pereprims,
836 1393 944 1460 sinpula
962 1397 1082 1462 ercempla
1095 1414 1246 1465 proponere
1266 1399 1286 1449 lu

130 1485 202 1537 notis
219 1484 318 1548 adieci,
347 1484 372 1534 si
389 1497 457 1548 quae
482 1487 626 1533 occurrunt
649 1482 764 1533 minores
782 1481 956 1548 differentiae.
976 1513 1008 1520 —
1031 1483 1212 1538 Collectioiiem
1226 1484 1286 1538 edidit

126 1577 190 1640 post
208 1572 277 1623 alios
290 1571 474 1637 plenissimam
495 1573 519 1620 et
537 1568 774 1633 accuratissimam,
795 1570 983 1622 commentario
1000 1575 1084 1622 totam
1096 1588 1152 1624 rem
1163 1573 1287 1626 illustrasti

130 1660 241 1724 adiecto,
260 1657 317 1709 Mo.
337 1658 367 1709 in
384 1654 411 1709 O.
426 1655 497 1707 IL.
515 1657 705 1721 seem-919
710 1675 719 1722 ,·
738 1672 806 1722 quae
824 1656 973 1723 diplomata
986 1664 1082 1724 postea
1099 1661 1129 1712 iri
1149 1661 1225 1714 lucem
1239 1675 1285 1728 pro

132 1747 246 1811 dierunt,
266 1744 338 1797 editu
356 1749 419 1796 sunt
438 1743 472 1795 ab
491 1742 579 1795 eodem
597 1743 627 1794 in
636 1741 812 1809 Epliemeride
824 1744 906 1810 epipr.
926 1744 1065 1810 ool.2,4,5.
1080 1777 1114 1784 -
1129 1749 1157 1814 l)
1170 1747 1286 1800 Eduabiu

132 1834 236 1886 tabellis
255 1832 362 1885 abeneis
380 1833 409 1883 iii
416 1831 537 1898 formum
550 1830 671 1897 diptpclii
681 1830 803 1895 redactis,
823 1847 891 1897 quae
903 1829 1020 1884 Salouoe
1031 1848 1098 1886 saec.
1111 1833 1187 1887 XVI
1195 1839 1287 1902 repertu

130 1922 207 1975 bodie
225 1920 350 1972 Beroliru'
366 1920 397 1970 iii
415 1918 571 1971 bibliotheca
589 1919 663 1986 repta
691 1918 758 1986 [iam
775 1919 805 1970 in
824 1920 981 1986 antiquario
998 1922 1084 1973 musei
1099 1924 1169 1991 repii
1192 1922 1234 1974 Tr.
1250 1920 1285 1988 tl]

131 2010 316 2073 adservantur,
335 2007 383 2059 ubi
400 2008 456 2073 ipse
473 2023 517 2059 eas
535 2007 668 2072 descripsi.
699 2005 741 2072 Of.
762 2005 819 2059 Mo.
837 2023 864 2073 p.
875 2009 934 2059 853.
962 2006 1096 2075 Aequales
1114 2010 1286 2078 simtetsoriu

131 2104 156 2151 et
175 2095 368 2165 mapnitudine,
387 2110 412 2146 a.
432 2095 515 2158 0,167,
536 2092 553 2143 l.
574 2094 658 2157 0,128.
699 2091 756 2160 Quo
774 2093 869 2145 melius
886 2093 1075 2162 diptychorum
1088 2096 1182 2164 sorim
1194 2095 1288 2164 perspici¹

127 2187 224 2254 possit,
253 2200 320 2251 quae
338 2182 427 2235 euclem
440 2181 500 2248 fere
518 2182 548 2233 i'n
566 2181 687 2233 omnibus
705 2180 860 2247 diplomatis
879 2186 924 2246 est,
944 2187 1101 2235 accuratam
1118 2186 1246 2252 utriusque
1258 2189 1285 2236 lo·

133 2273 210 2325 bulae
228 2271 369 2338 iumpinem
388 2269 481 2321 actiaci.
519 2268 646 2334 Orbiculi',
667 2267 762 2334 quibus
781 2267 885 2320 litterae
904 2284 928 2330 a,
947 2268 974 2330 b,
994 2285 1015 2331 c,
1035 2269 1053 2321 d
1075 2271 1220 2340 adscriptae
1234 2274 1286 2334 sid,

136 2359 206 2411 locos
229 2356 363 2421 indicunt,
394 2353 490 2422 quibus
516 2354 623 2407 tabulae
643 2353 800 2421 perforatae
817 2359 888 2406 sunt.
925 2354 978 2407 Per
991 2356 1135 2424 foramina
1153 2360 1171 2413 b
1187 2365 1210 2413 et
1224 2357 1238 2410 d
1252 2356 1286 2422 fila

135 2448 235 2500 alienea
254 2449 280 2511 (e
293 2444 349 2505 eti)
370 2444 452 2496 ducta
468 2448 539 2508 sunt,
559 2442 655 2509 quibus
673 2442 781 2494 tabulae
798 2443 839 2495 ita
851 2443 1089 2511 coniunpebantur,
1107 2452 1139 2500 ut
1150 2447 1227 2501 libelli
1238 2445 1285 2497 duo

134 2553 195 2588 rum
209 2533 342 2600 foliorum
360 2533 414 2585 siue
432 2536 561 2598 quattuor
574 2531 740 2598 popinarum
758 2531 846 2582 instar
864 2535 963 2596 essent,-
981 2533 1118 2587 continent
1136 2541 1218 2587 autem
1229 2532 1286 2602 pupi·

134 2641 185 2677 nae
196 2627 214 2674 2
226 2626 279 2674 et3
297 2623 458 2688 scripturam
472 2619 634 2686 priiiiorinm
653 2617 811 2685 eandemque
828 2619 989 2685 interiorem,
1005 2621 1136 2687 papiani
1154 2623 1286 2690 scripturam

135 2711 290 2764 anteriorem
308 2713 432 2761 accurate
449 2723 482 2758 eiu
499 2707 625 2759 interiore
641 2707 788 2773 repetitam,
804 2707 933 2774 papiual
950 2707 1028 2774 si'pna
1047 2714 1072 2761 et
1083 2710 1239 2777 sipnatomrn
1252 2721 1285 2759 ro

135 2802 215 2853 mina
244 2797 342 2850 Clariso
353 2796 452 2848 scilicet
471 2795 558 2846 libello
572 2810 623 2861 per
637 2793 778 2860 foramina
798 2810 815 2846 a
833 2800 884 2847 etc
903 2795 1002 2861 tripleii
1021 2796 1051 2859 (i.
1065 2813 1087 2848 e.
1106 2798 1237 2865 tripliciter
1247 2801 1285 2848 m·

134 2888 201 2952 turi)
219 2885 295 2951 filum
310 2883 437 2935 alierieum
456 2881 609 2945 ducebatur,
628 2881 673 2932 cui
691 2881 814 2947 collipato
832 2882 862 2933 iri
870 2882 999 2948 papinal
1017 2883 1095 2950 myria
1106 2901 1125 2936 a
1137 2891 1226 2953 septem
1235 2881 1285 2936 uui·

134 2975 183 3026 bus
200 2970 403 3038 imponebantur
422 2967 573 3020 nouiinibus
593 2968 717 3034 bipertito
734 2967 884 3035 adscriptis.
906 2968 972 3021 Cum
982 2969 1096 3023 similem
1102 2971 1217 3039 forciam
1227 2971 1285 3024 aba

134 3064 163 3114 iii
182 3065 366 3113 contractuum
384 3064 408 3110 et
428 3062 642 3109 testamentorum
661 3056 760 3108 talulr‘s
778 3057 872 3124 lipneis
892 3057 987 3109 cautis
1001 3062 1100 3111 oderes
1112 3057 1285 3120 obaemulati,

134 3150 189 3202 iiiii
209 3147 280 3215 quod
296 3146 350 3212 llli's
368 3146 457 3198 linteis
474 3145 504 3195 in
521 3145 555 3196 ii's
573 3143 725 3209 utebantur,
753 3144 908 3197 illustratur
925 3144 987 3196 inde
1005 3145 1079 3198 locus
1097 3146 1186 3213 Pauli,
1202 3144 1283 3202 uiri

133 3240 210 3302 25,6:
233 3234 300 3289 ordo
319 3232 442 3286 decrevit
463 3231 621 3283 --tabulas
641 3261 674 3269 -
692 3230 736 3283 ita
754 3230 870 3299 signari,
890 3233 922 3283 ut
939 3231 970 3283 in
989 3248 1100 3286 summa
1118 3227 1282 3304 marginisid

135 3322 255 3376 mediam
281 3322 391 3389 partem
416 3319 575 3388 perforatae
599 3317 704 3386 triplici
723 3317 781 3373 lino
800 3319 1040 3388 constringantur,
1061 3323 1147 3391 atque
1165 3319 1283 3393 impositas

134 3428 218 3479 supra
231 3410 320 3462 linum
340 3424 418 3462 cerae
437 3407 520 3475 signa
538 3406 746 3476 imprimantur,
767 3409 798 3458 nt
817 3407 947 3462 exteriori
966 3406 1122 3477 scripturae
1141 3410 1218 3464 fidem
1233 3407 1283 3461 inu

135 3498 190 3551 rior
209 3499 308 3550 servet.
339 3496 380 3562 Of.
400 3494 472 3548 Suet.
493 3494 557 3547 Ner.
576 3497 616 3547 17.
638 3523 668 3532 -
688 3493 715 3561 8)
735 3493 771 3546 In
788 3495 851 3547 aliis
870 3494 949 3561 dipl:
967 3493 1108 3562 equitibus
1127 3499 1158 3550 et
1173 3493 1284 3568 peditibus

134 3586 174 3637 uel
192 3583 351 3636 trierarobis
370 3586 398 3636 et
417 3582 578 3650 remigibus,
598 3583 638 3634 oel
656 3580 787 3634 classicis.

208 3673 233 3734 ι)
253 3671 289 3723 ni
301 3671 377 3723 iiiia:
396 3671 444 3738 qui
458 3669 593 3723 maiani.
615 3699 647 3707 -
660 3671 687 3738 a)
700 3670 736 3722 m
748 3662 1285 3741 causaliuiluuuiursupaiuxxlt

136 3760 291 3826 (posteriore
309 3763 395 3809 uetute
415 3757 576 3825 XXVIII),
603 3760 633 3811 iii
650 3759 780 3812 militibus
797 3759 978 3812 auxiliaribus
998 3759 1095 3828 XXV,
1114 3764 1145 3815 iii
1163 3754 1284 3832 aponius

137 3846 205 3913 XX,
230 3848 260 3898 in
274 3847 457 3913 praetorianis
476 3845 559 3901 XVI.
588 3878 620 3884 -
650 3847 675 3905 3)
694 3846 730 3899 Iri
749 3847 828 3899 aliis:
855 3847 884 3899 et
903 3848 969 3899 sunt
988 3846 1096 3901 dimissi
1115 3841 1285 3905 honerariis

135 3934 219 3994 sione,
247 3934 287 3986 uel
305 3933 428 3986 emeritis
448 3935 476 3986 et
495 3933 614 3985 dimissis
634 3934 698 3987 hon.
717 3934 800 3996 miss,
819 3935 860 3986 iel
878 3936 1043 3989 coniunctim
1061 3953 1121 3990 cum
1132 3934 1286 4006 sequautur:

136 4023 283 4075 honestam
304 4019 463 4075 missionem
483 4023 511 4073 et
531 4021 677 4075 civitatem
697 4021 787 4085 dedit;
806 4023 837 4074 in
854 4023 917 4075 aliis
935 4028 1037 4076 autem:
1060 4023 1109 4090 qui
1128 4025 1247 4081 militant.
1263 4041 1289 4054 ³

136 4109 201 4161 item
230 4106 351 4160 dimissis
380 4107 443 4162 hon.
472 4108 546 4161 miss.
575 4141 602 4146 —
629 4111 655 4173 4)
674 4109 711 4163 In
728 4111 791 4163 ulii's
818 4111 896 4163 liberi
909 4111 1063 4178 posterique
1081 4113 1172 4166 omissi
1186 4117 1244 4169 iniit.
1268 4102 1294 4152 5⁷²

136 4197 198 4248 aliis
222 4196 343 4248 additum
361 4201 411 4247 est:
439 4194 505 4262 ipsis
525 4195 644 4264 filiisque
663 4214 770 4260 eorum,
800 4215 868 4265 quos
896 4197 1068 4266 susceperint
1091 4216 1124 4252 ex
1142 4194 1299 4252 mulieribus

136 4299 205 4348 qiias
219 4300 309 4335 secum
329 4299 456 4336 concessa
475 4283 675 4337 consuetudine
693 4284 795 4337 vixisse
814 4283 1007 4354 probaverint.
1027 4315 1060 4323 -
1081 4287 1108 4351 5)
1128 4287 1162 4339 In
1180 4287 1212 4339 al.
1228 4272 1302 4336 oilli·

137 4374 207 4420 tuin:
233 4368 398 4431 Romanam,
418 4369 466 4437 qui
486 4386 581 4424 eorum
601 4387 656 4425 non
677 4370 822 4424 haberent.
