2940 4996
686 303 826 359 Boethius.
1273 307 1338 372 399

151 479 237 544 cives
269 477 418 544 Romani.
465 476 499 543 Si
530 479 601 562 quis
633 499 709 563 ergo
737 477 953 543 consentiente
983 479 1033 543 vel
1055 479 1185 545 iubente
1208 480 1335 545 domino

154 606 271 650 nomen
295 585 460 650 detulisset
481 584 516 647 in
538 605 677 662 censum,
701 583 778 647 ciris
798 581 961 647 Romanus
988 583 1097 663 fiebat,
1121 589 1153 649 et
1174 585 1336 650 servitutis

151 689 284 754 vinculo
318 689 528 754 solvebatur¹.
559 726 602 736 -
633 689 715 752 Erat
748 689 845 753 etiam
874 711 948 772 pars
983 689 1084 752 altera
1118 689 1336 774 adipiscendae

150 794 323 875 libertatis,
348 817 430 879 quae
445 794 587 859 vindicta
602 794 785 858 vocabatur.
830 791 1031 857 Vindicta
1054 816 1129 858 vero
1144 798 1192 859 est
1210 795 1334 880 virgula

151 901 328 984 quaedam,
364 923 459 984 quam
495 899 589 963 lictor
622 899 869 963 manumittendi
904 899 986 963 servi
1020 900 1117 983 capiti
1151 899 1332 983 imponens²

149 1006 286 1070 eundem
311 1029 438 1071 serrum
460 1005 494 1069 in
517 1004 699 1069 libertatem
714 1003 907 1082 vindicabat,
931 1004 1036 1068 dicens
1059 1005 1214 1088 quaedam
1236 1006 1333 1070 verba

153 1110 330 1175 sollemnia.
356 1149 394 1158 -
419 1111 483 1176 Illa
505 1112 601 1176 etiam
624 1133 698 1194 pars
721 1110 858 1175 faciendi
880 1110 975 1174 liberi
997 1114 1055 1190 est,
1087 1111 1114 1175 si
1139 1112 1209 1195 quis
1231 1149 1276 1159 —
1298 1113 1331 1175 in

154 1218 339 1282 testamenti
363 1219 443 1282 serie
466 1239 592 1282 serrum
616 1240 708 1281 suum
731 1217 867 1282 liberum
891 1217 1062 1299 scripserit.
1102 1214 1210 1300 (288.)

242 1343 280 1387 ea
302 1323 321 1386 1.
339 1328 363 1387 2
385 1323 582 1403 ada3,14.
618 1323 735 1387 Tribus
760 1361 799 1370 ·-
824 1323 926 1387 modis
948 1344 1029 1386 uxor
1057 1322 1246 1401 habebatur,
1270 1346 1330 1387 usu

149 1427 257 1492 farreo
280 1429 499 1512 coemptione3
527 1429 581 1493 sed
603 1428 815 1493 confarreatio
839 1429 914 1492 solis
936 1427 1141 1512 pontificibus
1163 1428 1330 1492 convenie-

151 1531 219 1596 bat.
266 1532 353 1610 Quae
377 1537 483 1599 autem
505 1535 539 1597 in
562 1557 692 1598 manum
716 1556 773 1617 per
788 1535 1019 1618 coemptionem
1034 1537 1256 1613 convenerant,
1275 1555 1330 1598 eae

152 1639 412 1704 matresfamilias
435 1641 647 1719 vocabantur,
678 1661 759 1723 quae
781 1661 855 1703 vero
878 1661 937 1703 usu
960 1637 1012 1702 rel
1034 1637 1147 1717 farreo,
1171 1638 1328 1705 minime⁸.

150 1741 319 1828 coemptio
343 1767 418 1810 vero
441 1745 536 1810 certis
560 1744 829 1810 sollemnitatibus
852 1744 1075 1829 peragebatur,
1099 1747 1132 1808 et
1146 1766 1214 1808 sese
1228 1744 1263 1808 in
1278 1767 1331 1809 co-

149 1851 283 1917 emendo
306 1851 442 1916 invicem
465 1850 726 1936 interrogabant,
758 1850 894 1914 virita:
927 1872 968 1913 an
992 1849 1053 1913 sibi
1076 1849 1191 1914 mulier
1213 1853 1331 1914 mater-

150 1953 291 2019 familias
314 1978 384 2021 esse
403 1955 525 2020 vellet?
568 1953 630 2019 Illa
649 1954 860 2038 respondebat
875 1953 966 2019 velle.
1003 1951 1085 2018 Item
1100 1954 1214 2019 mulier
1228 1955 1329 2019 inter·

151 2060 309 2146 rogabat:
332 2084 372 2126 an
396 2062 446 2126 vir
468 2060 530 2125 sibi
553 2059 786 2144 paterfamilias
804 2082 871 2124 esse
885 2059 1007 2125 vellet?
1044 2057 1104 2123 Ille
1118 2059 1330 2143 respondebat

147 2379 313 2445 (470-524)
341 2376 550 2430 Mediolaaeueie
568 2376 643 2444 suit,
672 2377 774 2430 amicae
790 2378 860 2445 reque
881 2375 1042 2430 moderari.
1078 2376 1113 2430 Ia
1140 2377 1327 2430 commeatuum

145 2479 224 2531 quera
240 2465 348 2532 sarmit
365 2464 402 2518 aa
422 2464 555 2521 OEcaaaa'e
573 2467 662 2533 topica
680 2465 748 2534 (Oia.
766 2465 805 2520 ed.
817 2464 896 2519 Orelt.
915 2464 1057 2533 V,1‚270.)
1076 2481 1144 2533 quae
1161 2465 1199 2518 aa
1214 2466 1258 2519 tae
1265 2482 1326 2533 per·

146 2552 234 2605 tiaeat
256 2553 387 2621 pleraque
409 2554 517 2622 caepae
537 2551 662 2606 Cicerone
679 2555 799 2623 sumpsit,
814 2570 906 2622 pauca
924 2569 957 2606 ea
974 2557 1090 2605 caeram
1108 2551 1236 2605 letarum
1254 2553 1330 2606 aaa

146 2638 253 2692 adrem.
292 2639 334 2708 Of.
358 2639 493 2707 Dc'rlcsea,
519 2641 572 2694 iar.
592 2641 718 2710 Aaeattqe
740 2641 770 2693 ia
788 2639 813 2692 d.
838 2638 952 2692 Werlcea
975 2639 1000 2691 d.
1018 2638 1156 2693 Boethius.
1192 2639 1266 2694 Berl.
1284 2640 1328 2695 alr.

146 2725 218 2779 Aba.
237 2729 310 2779 1851.

221 2813 247 2883 1)
266 2813 374 2868 Duritia
394 2815 427 2868 de
444 2831 554 2870 maaam
575 2820 622 2870 17:
646 2833 754 2886 magna
773 2820 869 2872 autem
888 2815 1021 2872 dissensio
1040 2819 1082 2871 eet
1100 2847 1142 2872 —.
1161 2818 1258 2870 utrum
1276 2817 1328 2872 hoo

147 2903 275 2971 tempore
294 2902 367 2956 vires
385 2903 528 2974 accipiunt
547 2905 655 2970 omnia,
684 2906 715 2959 in
733 2924 788 2975 quo
808 2923 905 2960 oeneus
926 2904 1062 2974 [agitur]‚
1090 2906 1142 2958 aut
1158 2905 1188 2957 in
1206 2922 1238 2960 eo
1256 2907 1327 2959 tem·

147 3005 222 3058 pore,
240 2989 272 3043 in
291 3008 346 3059 quo
364 2991 487 3045 lustrum
505 2993 646 3048 conditur.
683 2992 754 3047 Sunt
773 2993 848 3048 enim
867 2993 968 3062 qui-
987 2991 1152 3046 existimant
1165 3023 1198 3032 -
1212 3008 1325 3046 censum

147 3076 313 3132 descendere
341 3078 377 3131 ad
406 3078 480 3134 diem
504 3079 599 3144 lustri,
627 3099 684 3136 non
703 3082 824 3134 lustrum
843 3080 990 3134 decurrere
1018 3078 1053 3132 ad
1073 3078 1147 3133 diem
1167 3094 1272 3145 census,
1292 3111 1326 3119 —

148 3163 285 3233 quoniam
304 3165 414 3229 omnia,
445 3167 542 3237 [quae]
561 3167 592 3221 in
611 3185 724 3222 censum
744 3169 881 3238 aguntur,
908 3168 998 3222 lustro
1017 3165 1227 3222 confirmantur.
1248 3197 1276 3203 --κ
1298 3166 1325 3232 2)

150 3249 287 3305 Cereatae
303 3253 334 3305 ia
346 3252 419 3308 Peru.
433 3256 508 3321 5‚88:
528 3253 662 3308 Vindicta
681 3254 763 3324 virga
782 3257 832 3318 est,
852 3272 908 3323 qua
927 3252 1146 3307 manumittendi
1166 3255 1323 3321 apraetore

146 3337 175 3392 in
204 3340 299 3408 capite
325 3341 483 3409 pulsantur.
521 3342 593 3394 Acro
620 3343 650 3394 ia
669 3342 738 3396 Hor.
763 3347 815 3396 eat.
839 3344 942 3408 2‚7,76:
970 3339 1117 3393 Vindicta:
1145 3339 1241 3409 virga,
1269 3358 1325 3408 qua

146 3426 381 3494 percutiebantur
401 3429 481 3492 servi,
501 3444 563 3481 cum
582 3428 665 3484 liberi
683 3429 801 3493 fiebant3
821 3430 866 3483 vel
886 3430 974 3498 virga,
995 3445 1067 3498 quae
1080 3427 1321 3497 anteimponeba-

148 3515 195 3568 tur
220 3531 304 3583 super
327 3517 413 3584 caput
433 3533 543 3580 eorum,
571 3517 620 3585 qui
637 3517 922 3573 manumittebantur.
960 3517 1001 3584 Cf.
1020 3515 1085 3569 Isia.
1104 3517 1199 3583 9,4,48.
1237 3514 1323 3568 ZGR.

146 3605 224 3669 2,150
241 3618 296 3671 sqq.
318 3632 349 3642 -
370 3604 397 3671 3)
418 3604 470 3659 Cic.
489 3611 543 3673 top.
560 3608 592 3658 3.-
611 3604 703 3659 Genus
722 3607 858 3668 estanar,
878 3604 937 3659 eius
956 3605 1028 3658 duae
1047 3602 1167 3667 formae3
1187 3620 1243 3656 una
1262 3620 1323 3656 ma·

147 3688 360 3754 trumfamilias,
380 3707 430 3746 eae
449 3694 515 3745 sunt
533 3692 654 3761 quaein
669 3710 784 3747 manum
797 3694 1001 3757 convenerunt3
1022 3692 1114 3746 altera
1126 3708 1230 3754 earum,
1251 3708 1323 3759 quae

150 3778 351 3832 tantummodo
371 3796 469 3834 uxores
488 3780 637 3834 habentur.
675 3780 742 3835 Gall.
761 3784 835 3848 18,6:
865 3782 986 3835 matrem
1005 3778 1128 3833 familias
1147 3779 1323 3849 appellatam

148 3881 205 3919 esse
224 3881 287 3918 eam
306 3865 403 3929 solam,
423 3869 544 3935 quaein
562 3868 659 3922 mariti
678 3887 764 3923 manu
783 3869 977 3938 mancipioque
997 3870 1048 3922 aut
1066 3867 1097 3922 in
1115 3867 1180 3932 eius,
1200 3868 1231 3920 in
1246 3867 1322 3921 cuius

149 3951 275 4017 maritus,
295 3969 383 4006 manu
401 3955 596 4025 mancipioque
614 3958 693 4020 esset,
713 3957 847 4026 quoniam
860 3957 958 4012 nonin
971 3956 1184 4010 matrimonium
1198 3957 1321 4017 tantum,

148 4040 195 4095 sed
216 4040 248 4094 in
266 4040 406 4095 familiam
425 4060 534 4112 quoque
552 4044 650 4098 mariti
668 4047 697 4100 et
715 4045 745 4098 in
764 4046 806 4099 sui
824 4045 933 4100 heredis
951 4046 1042 4101 locum
1056 4044 1185 4098 venisset.
1213 4042 1322 4096 Seruius

144 4129 174 4182 ia
192 4128 261 4182 Aea.
280 4132 373 4196 11‚476
393 4136 536 4199 postquam
559 4133 624 4187 baec
642 4135 781 4202 exscripsit
799 4134 891 4188 addit:
918 4132 968 4187 alii
988 4162 1017 4174 -
1035 4130 1266 4186 matresfamilias
1288 4162 1320 4170 -

142 4215 208 4270 illas
227 4216 354 4287 (dicunt),
373 4236 444 4286 quae
463 4219 493 4272 in
516 4221 731 4276 matrimonium
749 4239 798 4290 per
811 4221 1013 4290 coemptionem
1027 4221 1223 4274 convenerunt.
1251 4218 1319 4272 lua.

142 4305 243 4372 9‚7,13.·
260 4306 499 4371 matresfamilias,
519 4307 586 4376 quia
603 4308 728 4379 iamper
745 4309 889 4378 quandam
908 4309 975 4362 iuria
990 4307 1211 4363 sollemnitatem
1229 4305 1258 4360 in
1277 4306 1319 4361 fa·

142 4391 252 4451 miliam
270 4393 367 4449 mariti
386 4396 568 4457 transierunt.
