2954 5010
507 359 593 429 Leges
612 358 664 412 XII
683 358 855 412 tabularum.
1223 357 1265 420 23

85 593 129 606 -
152 581 179 624 c.
209 557 367 640 Ulpianus
389 556 433 621 ad
447 554 601 620 Sabinam
617 551 673 637 (D.
689 550 843 632 27,10,1):
867 549 951 635 Lege
966 548 1030 614 XII
1048 551 1113 614 tab.
1130 551 1265 636 prodigo

84 662 289 728 interdicitur
303 663 460 726 bonorum
475 681 605 724 suorum
620 655 864 722 administratio
902 654 1060 736 Uiptianns
1076 657 1137 738 (fr.
1155 657 1263 738 12,2);

84 767 151 833 Lex
172 767 237 832 XII
259 767 325 832 tab.
349 804 394 813 —
414 765 594 850 prodigum,
618 762 669 827 cui
692 760 784 825 bonis
806 759 1010 824 interdictum
1034 764 1092 839 est,
1116 761 1150 824 in
1172 783 1263 827 oure-

87 872 176 938 tione
198 872 288 937 iubet
312 894 378 937 esse
401 872 601 956 agnatorum.

175 977 204 1041 8.
257 976 415 1060 Ulpianus
438 973 497 1060 (fn.
520 970 629 1058 29,1):
658 971 743 1037 Civis
766 968 903 1034 Romani
924 968 1033 1035 liberti
1055 971 1264 1036 hereditatem

88 1083 140 1147 lex
156 1079 220 1146 XII
235 1081 302 1146 tab.
325 1085 462 1165 patrono
485 1080 596 1158 defert,
619 1077 647 1142 si
662 1078 814 1141 intestato
837 1075 906 1140 sine
921 1098 978 1140 suo
1000 1075 1114 1142 herede
1130 1078 1264 1142 libertus

85 1185 263 1251 decesserit.
315 1183 386 1266 Uip.
410 1184 452 1249 ad
483 1183 527 1249 cd.
560 1180 852 1265 (D‚50‚16‚195‚1):
886 1178 965 1245 Cum
996 1181 1034 1246 de
1065 1186 1201 1267 petrono
1232 1187 1264 1247 et

87 1289 204 1355 liberto
227 1289 370 1374 quuitur
392 1290 453 1369 lex,
476 1310 512 1352 nx
533 1309 569 1351 nu
591 1309 718 1366 nmina,
740 1286 855 1371 iuquit,
879 1309 908 1351 ur
930 1310 988 1351 stu
1010 1309 1161 1355 rrmnren.

173 1395 205 1459 9.
254 1391 645 1476 GordiannsiO.3,36,6):
668 1391 727 1471 Ee,
750 1393 888 1476 quaein
911 1392 1093 1457 nominibus
1116 1398 1202 1474 sunt,
1219 1433 1262 1441 -

86 1498 157 1582 ipso
179 1499 249 1563 iure
270 1499 304 1563 in
326 1499 488 1583 portiones
510 1496 718 1561 hereditarias
741 1519 779 1562 ex
803 1499 873 1584 lege
892 1497 955 1564 XII
969 1500 1034 1566 tab.
1060 1499 1161 1564 divisa
1176 1503 1260 1566 sunt.

87 1602 220 1668 Diociei.
245 1602 448 1688 (0.2‚3‚26):
475 1625 514 1667 ex
535 1603 606 1686 lege
628 1599 691 1666 XII
702 1601 768 1665 tab.
800 1624 851 1666 ees
875 1603 1014 1668 alienum
1036 1603 1262 1668 hereditarium
1356 1616 1358 1620 '

90 1708 375 1793 proportionibus
398 1707 548 1792 quaesitis
572 1707 706 1792 singulis
728 1706 798 1791 ipso
820 1709 889 1773 iure
912 1710 1057 1774 divisum.

181 1813 231 1877 10.
280 1812 384 1877 Gaias
406 1812 448 1876 aa
470 1812 514 1876 ed.
532 1811 727 1892 provinciale
750 1810 807 1894 (D.
832 1818 937 1894 taen
956 1815 1040 1898 prb:
1070 1815 1158 1880 Haec
1180 1816 1263 1880 ectio

90 1915 249 1999 (familiae
272 1917 485 2000 erciscundae)
507 1915 720 1999 proficiscitur
743 1939 759 1981 e
782 1917 852 2002 lege
875 1916 939 1983 XII
963 1920 1157 1985 tabularum.

543 2089 719 2156 'I'ABULA
743 2089 800 2155 VI.

173 2233 202 2298 1.
249 2231 317 2298 CUM
338 2255 435 2297 NXXUM
457 2254 556 2296 FAOIX'I'
578 2253 813 2310 niualrlunaun,
846 2256 896 2298 UTI
925 2256 1030 2299 nutans
1061 2257 1261 2313 nuncupassm,

83 2361 133 2403 l'I'A
154 2363 204 2405 IUS
226 2361 303 2405 ESTO.

83 2521 111 2567 in
129 2521 182 2568 XII
200 2525 250 2567 ert:
269 2515 366 2567 ‘net—
379 2513 455 2566 eseit'.
485 2509 527 2576 Of.
541 2508 612 2563 Fert.
632 2518 685 2562 Ast.
703 2537 738 2549 -
759 2510 836 2564 Haec
852 2513 932 2566 cerba
945 2513 1036 2581 priori
1046 2513 1264 2581 tepipostaoeenz

83 2608 145 2655 erait
167 2601 282 2655 insanit
307 2599 367 2654 Set.
386 2601 452 2666 109,-
473 2603 503 2651 at
526 2605 627 2650 custode
650 2597 710 2664 fiai
734 2614 789 2651 non
803 2601 896 2667 potnit
921 2607 953 2654 nt
970 2608 1130 2670 aenatorina
1143 2608 1263 2671 potestas

86 2689 283 2757 aetianam,
301 2689 357 2743 nt'si
372 2687 505 2742 cintodan
523 2687 660 2754 inteltepae
677 2693 726 2741 ant
739 2693 844 2755 petreia
862 2694 911 2743 ant
929 2694 1050 2757 tntoran,
1069 2691 1141 2759 qnod
1156 2690 1265 2745 admitti

86 2792 143 2831 noa
157 2783 259 2846 poteet;
277 2776 314 2831 ad
331 2777 414 2830 aliam
432 2776 515 2845 ipitar
534 2791 589 2828 ran
605 2780 722 2843 spectent
740 2775 804 2829 haec
821 2776 901 2830 uerba
918 2795 1019 2834 necesse
1037 2786 1082 2847 eet,
1096 2781 1215 2848 fortasse
1226 2781 1264 2834 ad

84 2864 184 2919 delicta
195 2864 307 2933 sarna.
338 2865 434 2935 [eustos
445 2871 529 2916 furiosi
549 2879 596 2916 cnr
609 2879 663 2916 non
671 2864 758 2930 ponat
768 2865 855 2933 accepi
863 2867 1027 2920 enuntiative
1038 2867 1070 2920 de
1078 2874 1156 2936 patre
1165 2874 1261 2922 tatone-

83 2967 135 3020 qnc
147 2967 202 3021 pro
213 2968 243 3006 re
255 2952 411 3018 connectis,
429 2965 484 3003 non
491 2950 661 3018 paepicitnr,
674 2965 758 3018 nenne
769 2953 974 3020 erravitopinor
984 2952 1139 3011 Seboetlins.
1159 2963 1205 3008 nn.
1215 2957 1259 3026 nt]

156 3061 178 3094 e.
203 3039 342 3108 i1,23,3:
371 3047 465 3093 Furiosi
483 3059 578 3107 quoque
596 3049 622 3091 et
640 3046 734 3106 prodigi
752 3069 787 3078 -
805 3048 830 3092 In
848 3050 973 3094 duratione
990 3053 1047 3094 sunt
1065 3057 1210 3106 agnatorum
1230 3066 1259 3096 ex

83 3137 140 3193 lege
158 3134 209 3180 XII
222 3134 274 3180 tob.
313 3126 355 3194 Oi.
373 3126 412 3179 D.
424 3129 552 3192 27‚10,13.
571 3155 605 3164 -α
623 3124 771 3181 Seboetliae
784 3129 929 3198 wadnam
946 3132 1057 3198 oinittit;
1076 3148 1195 3200 enpresm
1212 3149 1261 3186 an·

84 3221 136 3270 tem
155 3214 188 3268 dc
205 3231 236 3268 eo
253 3221 361 3270 centnm
377 3215 468 3281 faisse,
488 3215 541 3267 loci
557 3214 611 3267 citt.
631 3219 720 3282 anate
737 3215 866 3269 indicant.

157 3312 181 3356 8.
208 3302 271 3357 Gai.
290 3301 386 3371 (3,40):
413 3310 450 3355 ita
468 3311 564 3355 demum
583 3311 622 3354 lex
641 3310 692 3355 XII
705 3309 756 3354 tub.
776 3310 807 3354 ad
825 3310 986 3357 hereditatem
1005 3313 1086 3358 liberti
1105 3314 1260 3374 recubetpa-

85 3402 193 3455 tronum,
224 3399 391 3444 siintestetns
421 3402 526 3443 mortuus
545 3403 610 3442 esset
628 3397 729 3443 libertus
748 3399 813 3443 nullo
832 3411 874 3443 sno
894 3399 982 3444 herede
1001 3402 1094 3446 relicto.
1132 3394 1172 3460 Of.
1194 3393 1260 3449 Caii.

85 3481 185 3546 16,8‚2,·
204 3482 256 3546 9,2.
293 3477 596 3544 Gains1‚165=1nnt.
616 3480 686 3544 1,17:
705 3485 742 3529 Ex
761 3485 846 3530 endem
866 3488 918 3543 legs
936 3486 986 3531 XII
1005 3486 1055 3532 tab.
1075 3488 1215 3535 libertorum
1235 3494 1261 3536 et

88 3573 240 3635 impuberum
257 3574 398 3621 libertorum
417 3575 496 3619 tutelo
515 3573 547 3618 ed
562 3576 676 3633 patronos
695 3572 830 3633 lIberosque
849 3587 931 3618 eornm
948 3575 1061 3634 pertinet,
1080 3590 1143 3636 quae
1162 3580 1187 3621 et
1206 3577 1260 3638 ipsa

90 3664 166 3708 tutele
185 3662 297 3720 legitime
314 3665 427 3716 vocetur,
454 3674 502 3706 non
520 3661 577 3721 quia
595 3659 737 3705 nominatim
761 3675 791 3706 ee
809 3663 863 3718 lege
882 3662 911 3707 de
930 3663 976 3708 hae
995 3666 1075 3710 tutelo
1092 3669 1199 3722 cavetur,
1217 3667 1260 3711 sed

87 3750 143 3810 quie
165 3750 267 3811 protnde
281 3754 381 3810 accepte
393 3753 431 3794 est
443 3755 485 3809 p'er
498 3748 731 3808 interpretationem,
750 3755 824 3809 atque
838 3749 857 3794 si
870 3749 950 3795 verbIs
963 3751 1024 3808 legis
1036 3751 1174 3798 introducta
1187 3758 1260 3799 esset.

158 3839 181 3884 9.
211 3828 294 3884 Peior
311 3830 384 3884 iones
401 3830 438 3883 ad
455 3831 584 3896 actitant,
612 3829 680 3882 aiter
698 3829 735 3882 ad
750 3831 884 3898 passivam
902 3832 1088 3901 odinationem
1103 3839 1211 3900 spectat,
1230 3835 1260 3888 id

87 3918 157 3986 qnod
173 3919 289 3988 neqleat't
306 3917 367 3973 Scit.
379 3922 437 3972 132.
468 3917 508 3984 Of.
521 3918 558 3972 D.
571 3920 750 3984 10,2‚25‚9.13.
780 3916 808 3972 G.
823 3921 922 3986 4‚16,7,·
939 3922 1032 3987 8‚36,1.

157 4017 197 4061 1⁰.
222 4005 309 4062 Fini:
329 4015 510 4061 Erotnmoitum
529 4005 666 4074 (Scaityer,
686 4014 810 4075 citumque
828 4006 899 4067 iibri)
918 4015 945 4059 fit
958 4016 1021 4060 inter
1039 4020 1168 4070 consortes,
1187 4020 1214 4061 ut
1233 4017 1257 4061 in

87 4103 152 4150 libris
170 4105 254 4162 legum
274 4102 435 4148 Romanorum
452 4103 550 4160 legitur.
588 4093 655 4147 Geli.
668 4097 723 4160 1‚9:
753 4103 859 4147 anticum
877 4103 1022 4148 consortium
1040 4103 1104 4164 qnod
1120 4103 1171 4148 iure
1184 4107 1258 4164 etque

88 4191 158 4238 verbo
176 4191 287 4236 Romano
306 4189 475 4250 appellabatur
492 4182 565 4236 ‘erote
583 4202 631 4234 non
648 4182 713 4235 cita'

154 4278 199 4324 VI.
221 4279 243 4322 1.
273 4267 380 4323 Uinicius
406 4269 481 4337 apttd
506 4268 628 4322 Festum:
656 4276 802 4336 Nuneupata
828 4278 930 4336 pecunie
947 4281 985 4322 est
1005 4298 1040 4306 —
1062 4278 1186 4323 uoquete
1205 4272 1257 4339 (no-

88 4367 150 4414 nint
168 4357 246 4427 cod),
265 4367 340 4419 certe,
358 4364 493 4410 nominibus
511 4363 612 4424 propriis
630 4363 800 4424 pronuntiate:
819 4357 880 4408 ‘oum
899 4387 932 4394 -
952 4353 1020 4419 esto',
1039 4363 1063 4407 id
1076 4357 1178 4424 est'(ita
1190 4357 1258 4424 cod.)

86 4455 121 4500 uti
136 4452 271 4502 henincrit
288 4452 411 4499 houmere
428 4453 482 4510 erit,
501 4452 537 4498 ite
553 4451 591 4497 ius
611 4454 670 4497 esto.
706 4441 760 4497 θέο.
774 4442 816 4511 (de
828 4445 962 4513 or.1,57):
981 4454 1008 4496 nt
1026 4454 1104 4496 totum
1116 4451 1192 4496 iilud:
1210 4447 1256 4497 ‘uti
