2940 4996
467 363 553 433 Leges
572 364 625 418 XII
645 365 816 420 tabularum.
1183 375 1222 439 21

132 542 163 607 2.
199 540 232 607 Sr
254 563 347 606 serra
370 564 471 606 rmrun
494 565 550 606 raa
565 563 663 606 venun
678 564 776 618 uuum,
801 566 894 607 rnrus
907 567 924 608 s
939 568 1030 611 siras
1046 571 1130 613 nmen
1145 572 1225 615 ssro.

129 649 161 711 3.
201 645 304 712 cicero
329 645 427 730 (Pa-tl.
449 645 562 729 2,28):
595 644 689 709 lllam
719 668 810 710 suam
842 670 915 712 suas
947 672 997 714 res
1020 652 1081 717 sibi
1105 653 1223 720 habere

32 751 146 830 iussit,
171 774 210 816 ex
232 749 296 815 XII
318 751 385 815 tab.
408 751 512 816 claves
535 750 663 829 ademit,
687 750 802 835 exegit.

129 857 160 922 4.
201 855 323 921 Gellius
352 853 526 938 (3,16,12):
561 854 709 939 comperi,
740 855 893 921 feminam
922 895 962 905 -
992 861 1026 925 in
1058 863 1224 929 undecimo

36 982 150 1026 mense
173 965 247 1044 post
268 960 377 1024 mariti
400 963 536 1024 mortem
558 959 726 1044 peperisse,
752 959 936 1047 factumque
959 987 1025 1031 esse
1047 968 1224 1053 negotium,

37 1067 135 1152 quasi
157 1068 275 1133 marito
299 1069 426 1132 mortuo
448 1069 560 1152 postea
582 1066 795 1150 concepisset,
825 1069 975 1152 quoniam
999 1071 1166 1138 decemviri
1189 1075 1223 1138 in

37 1174 151 1238 decem
174 1171 337 1238 mensibus
359 1170 452 1257 gigni
475 1169 648 1249 hominem,
672 1191 736 1233 non
759 1170 793 1234 in
816 1172 981 1238 undecimo
1013 1175 1223 1260 scripsissent.

516 1343 693 1410 TABULA
719 1343 760 1409 V.

137 1488 165 1550 1.
190 1486 310 1570 (Gaius
334 1485 529 1570 1‚144-5):
552 1482 737 1550 Veteres—
750 1485 919 1552 voluerunt
929 1487 1075 1570 feminas,
1099 1492 1224 1556 etiamsi

46 1594 207 1678 perfectae
230 1592 343 1658 aetatis
366 1590 441 1669 sint,
468 1628 505 1637 —ss
530 1590 565 1654 in
586 1591 688 1655 tutela
711 1611 794 1667 esse3
819 1628 857 1638 -
883 1594 1020 1676 exceptis
1043 1595 1222 1681 virginibus

45 1698 251 1777 Vestalibus,
275 1719 354 1782 quas
378 1695 560 1759 —liberas
591 1717 657 1760 esse
680 1695 868 1760 voluerunt:
900 1696 1008 1781 itaque
1034 1701 1129 1765 etiam
1152 1700 1224 1787 lege

49 1804 115 1870 XII
136 1805 201 1869 tab.
225 1807 354 1869 cautum
377 1807 434 1868 est.

134 1909 163 1974 2.
190 1909 295 1975 Gaius
318 1905 444 1995 (2,47)7:
466 1906 621 1984 Mulieris,
644 1906 781 1990 quaein
802 1911 992 1992 agnatorum
1017 1912 1119 1976 tutela
1142 1915 1221 1992 erat,

119 2093 141 2137 2.
173 2083 232 2152 Utp.
245 2081 287 2150 fr.
308 2081 399 2151 (10,1):
426 2087 489 2132 fliius
512 2091 550 2132 ter
568 2087 732 2147 mancipatus,
761 2091 800 2132 ter
820 2090 979 2136 manumissus
998 2092 1034 2136 sui
1054 2092 1111 2138 iuris
1130 2093 1172 2148 fir,
1197 2093 1222 2138 id

57 2180 115 2225 euim
132 2181 171 2225 lex
191 2178 238 2224 XII
256 2178 309 2223 tab.
328 2175 396 2221 iubet
415 2176 453 2221 his
471 2175 564 2222 verbis:
591 2170 620 2220 ‘si
641 2180 711 2236 pater
728 2197 763 2207 —
781 2169 850 2221 esto'.
886 2169 948 2223 Get.
966 2174 1074 2239 (1,132):
1102 2182 1142 2226 lex
1161 2180 1225 2226 enim

59 2267 102 2313 XII
118 2268 167 2314 tab.
184 2270 281 2312 tentum
300 2265 324 2310 in
344 2276 446 2324 persona
465 2263 509 2308 filii
527 2263 558 2309 de
576 2263 653 2309 tribus
672 2264 890 2324 manprationibus
909 2266 1016 2326 loquitur
1033 2267 1070 2312 his
1085 2267 1175 2314 verbis:
1194 2263 1224 2313 ‘si

59 2358 120 2414 pur
142 2378 165 2384 -
186 2369 201 2399 e
222 2356 292 2414 patre
314 2353 377 2397 filius
397 2350 460 2397 liber
477 2344 545 2397 esto'.
567 2373 595 2383 -
618 2365 706 2396 uenum
720 2352 788 2397 dauit
811 2343 924 2413 Ulpeani
940 2346 1014 2413 liber,
1033 2350 1225 2416 uenumd(uitI)

62 2433 120 2502 (ἔα,Ι
135 2435 165 2488 de
176 2435 276 2503 futuro
288 2433 338 2485 too
349 2431 465 2485 secunde
477 2431 547 2486 deaut
564 2430 676 2485 Schoell.
689 2434 772 2499 1283.
791 2462 825 2470 -
845 2430 886 2500 Os.
899 2432 959 2486 Gai.
969 2436 1037 2501 4,79.
1056 2434 1140 2488 De'oa.
1151 2438 1222 2503 2,27,

59 2528 183 2590 manuum
200 2521 271 2574 derit
288 2521 344 2573 ium
359 2536 377 2572 a
390 2519 506 2572 Βααααῖο
526 2519 553 2587 (ἰ.
565 2523 609 2582 10)
628 2518 677 2572 hoc
695 2520 868 2572 constitutum
880 2535 941 2587 esse,
961 2521 1052 2574 addit.-
1069 2528 1159 2574 τοῦτον
1177 2527 1221 2574 τὸν

62 2612 127 2676 νόμον
142 2639 176 2650 -
193 2614 217 2661 οἱ
234 2637 269 2646 -
288 2611 356 2660 δέκα
378 2609 473 2673 ἄνδρες
490 2610 545 2673 ἅμα
564 2615 617 2671 τοῖς
636 2609 729 2670 ἄλλοις
748 2610 901 2675 ἀνέγραψαν
919 2613 1020 2675 νόμοις,
1046 2614 1092 2661 καὶ
1110 2613 1176 2663 ἔστιν
1194 2614 1223 2663 ὲν

62 2701 200 2765 arerem
220 2703 270 2749 τῶν
289 2697 440 2763 λεγομένων
458 2699 563 2748 δώδεκα
582 2697 688 2748 δέλτων.
725 2694 899 2764 QuenDioa.
912 2696 1005 2763 locum,
1025 2712 1058 2750 ea
1075 2712 1128 2765 quo
1137 2696 1221 2750 Diels·

62 2783 135 2838 aaa
154 2789 236 2838 totam
254 2783 368 2837 Romud
393 2783 425 2836 de
438 2784 533 2850 patria
547 2788 678 2851 potestate
697 2784 776 2852 legem
793 2784 824 2836 tu
845 2782 914 2836 XII
925 2790 1057 2852 receptum
1075 2801 1128 2838 esse
1146 2785 1221 2838 colle-

63 2875 130 2939 pact,
146 2871 182 2925 ud
197 2871 283 2926 solum
300 2870 477 2924 castanea
494 2869 614 2938 filiorum
628 2871 762 2939 pertinere
779 2875 848 2924 recte
865 2876 953 2924 monet
971 2869 1032 2924 Scit.
1049 2888 1077 2939 p.
1096 2874 1138 2924 52.

119 2968 139 3012 3.
166 2958 206 3028 Cf.
221 2958 282 3014 Gal.
302 2958 319 3012 l.
333 2957 386 3011 ΠΙ
402 2957 440 3011 ad
452 2957 521 3011 XII
528 2958 581 3012 tab.
601 2959 650 3024 (D.
662 2960 790 3027 48‚5,43):
810 2967 835 3012 Si
853 2981 884 3012 ex
903 2969 957 3024 lege
975 2968 1101 3027 repudium
1123 2969 1220 3012 missum

64 3063 100 3098 non
114 3055 142 3100 sit
163 3053 209 3102 cet.
228 3077 263 3086 -
282 3045 379 3114 Legem
401 3061 419 3098 a
436 3044 572 3099 Dirleseao
596 3047 720 3125 maiescum
743 3051 812 3100 reete
829 3047 943 3100 iusernt't
968 3045 1073 3100 Schoell
1090 3048 1131 3101 57.
1168 3046 1220 3100 ln·-

64 3135 128 3187 nuit
147 3134 267 3202 formula
287 3132 436 3202 posteriore
462 3137 578 3200 tempore
598 3133 673 3201 fuit:
701 3154 739 3186 res
763 3145 819 3186 tuas
841 3140 887 3186 tibi
906 3139 1003 3186 habeto.
1041 3133 1078 3186 D.
1097 3136 1219 3200 24,2,2,1.

65 3219 137 3278 Plut.
153 3223 250 3290 Amph.
269 3224 330 3289 928,
361 3219 434 3272 Trite.
453 3222 519 3286 266,·
543 3221 635 3288 priore
657 3225 771 3288 tempore
783 3219 884 3288 fuisse:
913 3227 984 3273 baete
1013 3228 1078 3272 lorus
1106 3222 1220 3274 ostendit

65 3306 194 3378 Buecheler,
221 3307 316 3362 Jahrb.
336 3308 542 3375 Ptet.105,565.
585 3308 670 3362 Varro
695 3324 739 3377 ap.
759 3308 830 3361 Non.
855 3309 924 3377 (le
950 3330 1025 3361 annos
1050 3317 1138 3360 multos
1156 3319 1220 3378 quod

64 3414 130 3462 perere
153 3421 183 3452 ea
206 3419 253 3451 non
275 3407 373 3466 poteret
397 3406 521 3450 mulierem
540 3405 604 3450 foras
623 3403 722 3450 baetere
740 3394 821 3449 iussit.
865 3396 957 3448 Placet.
979 3394 1037 3449 Cas.
1056 3398 1158 3463 2,2,35:
1181 3405 1222 3450 M.

65 3488 142 3554 Semper
158 3498 185 3540 tu
203 3492 260 3539 huie
278 3492 352 3538 verbo
372 3493 462 3538 vitato!
491 3491 516 3540 G.
536 3492 579 3537 Cui
596 3491 688 3538 verbo?
715 3492 748 3537 M.
768 3491 781 3536 I
800 3491 865 3537 foras
884 3491 982 3537 mulleri
1018 3483 1102 3538 Mart.
1121 3488 1220 3552 11,104,

64 3572 84 3622 l:
99 3579 160 3638 Uxor,
178 3581 241 3628 vade
259 3582 334 3636 foras,
354 3584 398 3625 aut
415 3579 520 3625 moribus
538 3585 607 3625 utere
625 3580 722 3625 nostris.

118 3669 139 3715 4.
167 3659 228 3730 Uip.
247 3661 284 3715 ad
304 3660 367 3715 Sal).
386 3660 434 3729 (D.
453 3661 647 3729 38,16,3,9.11):
673 3669 775 3724 exlege
806 3666 857 3711 XII
876 3664 927 3712 tab.
946 3666 978 3711 ad
996 3666 1132 3722 legitimam
1150 3667 1221 3713 hore·

66 3753 193 3812 naamis,
212 3756 298 3816 quiin
316 3760 385 3802 utero
405 3756 460 3813 fuit,
485 3757 631 3810 admittitur,
651 3756 671 3800 si
690 3755 764 3800 luerit
782 3754 861 3799 editus
881 3768 925 3811 -;
952 3758 1006 3815 post
1025 3754 1107 3800 decem
1126 3769 1221 3801 menses

66 3843 130 3888 morde
146 3848 217 3890 ustus
235 3858 283 3890 non
303 3845 446 3890 admittetur
465 3845 496 3890 ad
514 3844 648 3901 legitimam
667 3842 837 3889 hereditatem.

120 3931 146 3977 v.
167 3933 190 3976 1.
220 3923 350 3978 Fortasse
366 3925 446 3978 mmm
463 3925 495 3978 de
518 3924 662 3978 Vestalium
679 3922 869 3976 hereditatibus
885 3922 939 3992 lege
958 3923 1027 3976 XII
1041 3925 1093 3977 tub.
1113 3931 1221 3978 cnutum

65 4009 148 4078 “liquid
164 4016 237 4079 era&
256 4010 324 4064 Geli.
344 4011 465 4081 (1,12,18)
483 4013 564 4065 dicit:
591 4020 616 4063 in
635 4018 812 4063 commentariis
831 4017 959 4073 Labeonis,
978 4032 1041 4079 quae
1059 4020 1090 4063 sd
1108 4019 1159 4065 XII
1169 4018 1220 4064 tab.

66 4107 189 4167 cremauit,
216 4108 254 4152 ite
281 4108 397 4169 scriptum
423 4112 471 4154 est:
498 4102 583 4164 ‘Virgo
601 4105 709 4151 Vestalis
727 4118 807 4166 neque
827 4106 897 4150 heres
916 4110 954 4150 est
971 4106 1084 4167 cuiquam
1103 4107 1221 4153 intestato

67 4203 127 4253 seque
142 4195 275 4241 Intestatae
292 4195 429 4256 quisquam.
466 4194 513 4240 Sed
532 4193 596 4239 bons
614 4192 665 4237 eius
684 4193 709 4237 in
728 4191 849 4254 publicum
868 4193 945 4250 redigi
964 4193 1045 4250 aiunt;
1066 4194 1091 4238 id
1109 4208 1156 4255 quo
1168 4196 1220 4240 iure

67 4278 105 4336 at,
120 4275 257 4343 quaeritur?
294 4273 337 4342 Os.
355 4274 372 4328 l.
392 4274 473 4329 Nm.
487 4277 509 4328 9.

121 4370 140 4414 2.
170 4361 211 4430 Of.
230 4359 476 4428 Gai.1,157:0nm
497 4393 524 4401 -
548 4374 667 4431 quantum
685 4370 717 4416 ed
735 4371 752 4416 1.
762 4370 814 4417 XII
833 4371 883 4418 tab.
904 4373 1001 4428 attfflet,
1021 4372 1095 4417 etiam
1114 4372 1219 4418 feminae

66 4457 290 4512 mansuetorum
308 4460 408 4503 tutores.
