2940 4996
194 243 257 308 416
683 237 900 308 Agrimensores.

280 417 327 501 (8)
356 416 404 480 De
426 414 644 479 alluvione
667 414 705 479 fit
727 414 941 478 controversia
963 413 1132 479 fluminum
1154 412 1375 479 infestatione.

194 521 297 586 Ere.
321 520 361 584 A.
374 525 427 585 82.
453 557 491 566 -—
515 519 596 602 Hyp.
614 523 729 598 1244:
758 519 806 583 De
829 519 986 583 alluvione
1008 519 1187 584 observatio
1208 520 1288 583 haec
1313 523 1375 596 est,

193 627 349 710 numquid
373 627 411 690 de
433 625 642 708 occupatoriis
666 630 814 709 ageretur
837 624 933 709 agris,
957 625 1005 689 et¹
1029 623 1183 708 quidquid
1206 625 1253 687 vis
1270 647 1379 708 aquae

194 731 381 810 abstulerit,
412 730 632 814 repetitionem
665 751 757 793 nemo
780 729 923 794 habebit.
969 729 1129 806 Quaeres
1152 730 1378 794 necessitatem

194 837 282 921 ripae
306 835 494 900 muniendae
516 835 678 920 iniungit,
710 835 757 898 ita
779 838 896 913 tamen,
928 857 968 898 ne
991 833 1122 899 alterius
1144 835 1259 918 damno
1284 835 1379 918 quic·

195 964 291 1026 quam
314 939 421 1019 faciat,
447 940 501 1022 qui
524 940 627 1023 ripam
650 937 799 1003 muniet2.
845 937 880 1003 Si
896 939 1020 1004 veroin
1036 940 1138 1004 divisa
1156 942 1189 1004 et
1204 939 1380 1024 adsignata

195 1048 324 1131 regione
346 1046 548 1124 tractabitur,
572 1044 654 1108 nihil
678 1045 805 1108 amittet
827 1066 999 1128 possessor,
1021 1045 1174 1128 quoniam
1188 1043 1301 1109 formis
1316 1067 1378 1129 per

195 1151 353 1215 centurias
387 1155 491 1215 certus
527 1151 641 1234 cuique
673 1150 785 1214 modus
819 1150 996 1234 adscriptus
1027 1154 1085 1214 est.
1131 1149 1223 1215 Circa
1249 1149 1377 1214 Padum

195 1260 301 1319 autern
333 1279 405 1320 cum
436 1260 600 1341 ageretur,
635 1255 719 1340 quod
748 1255 868 1319 fiumen
900 1259 1024 1320 torrens
1056 1259 1088 1319 et
1110 1255 1283 1339 aliquando
1305 1260 1377 1320 tam

195 1360 370 1425 violentum
401 1361 557 1439 decurrit,
588 1364 624 1423 ut
648 1360 772 1424 alveum
804 1363 907 1425 mutet
935 1363 968 1424 et
990 1360 1166 1425 multorum
1188 1360 1254 1426 late
1278 1382 1376 1446 agros

195 1470 285 1529 trans
308 1467 427 1550 ripam,
451 1470 487 1529 ut
510 1466 556 1529 ita
579 1464 691 1545 dicam,
715 1465 900 1545 transferat,
924 1488 1016 1549 saepe
1039 1465 1136 1530 etiam
1157 1465 1279 1530 insulas
1302 1465 1376 1530 effi-

195 1569 285 1650 ciat³,
320 1568 445 1635 Cassius
468 1569 646 1654 Longinus,
678 1570 943 1654 prudentissimus
965 1571 1025 1651 vir,
1056 1570 1135 1635 iuris
1158 1574 1280 1652 auctor,
1310 1570 1375 1636 hoc

196 1675 326 1754 statuit,
356 1678 393 1739 ut
416 1674 569 1758 quidquid
592 1697 676 1758 aqua
698 1675 912 1740 lambiscendo
935 1674 1121 1756 abstulerit,
1155 1676 1188 1740 id
1210 1697 1375 1760 possessor

197 1781 335 1860 amittat,
360 1781 510 1864 quoniam
533 1779 653 1843 sedicet
675 1780 778 1863 ripam
802 1802 893 1843 suam
916 1780 983 1844 sine
1003 1781 1135 1846 alterius
1158 1781 1275 1847 damno
1290 1782 1376 1846 tueri

197 1886 306 1963 debet3
330 1886 357 1949 si
379 1908 453 1950 vero
476 1885 596 1949 maiore
618 1885 649 1949 vi
665 1887 833 1949 decurrens
853 1885 978 1950 alveum
993 1890 1158 1966 mutasset,
1178 1909 1272 1951 suum
1285 1887 1376 1971 quis·

198 2012 258 2073 que
290 1990 419 2054 modum
452 1993 653 2074 agnosceret,
685 1991 836 2074 quoniam
866 2012 930 2054 non
952 1991 1142 2074 possessoris
1168 1992 1375 2078 neglegentia

197 2096 249 2160 sed
274 2097 472 2181 tempestatis
505 2096 656 2162 violentia
689 2097 859 2180 abreptum
886 2096 1053 2180 apparet⁴3
1087 2097 1115 2161 si
1137 2117 1212 2162 vero
1234 2097 1375 2161 insulam

197 2201 336 2278 fecisset,
369 2203 499 2265 acuius
531 2224 609 2287 agro
632 2203 767 2283 fecisset,
801 2202 1044 2287 ispossideret;
1078 2202 1153 2268 aut⁶
1173 2203 1202 2269 si
1223 2226 1262 2268 ex
1284 2223 1372 2266 com-

198 2307 296 2385 muni,
321 2307 455 2391 quisque
477 2330 570 2371 suum
592 2307 753 2391 reciperet.

148 2418 188 2470 17.
286 2411 333 2495 (9)
367 2411 413 2476 De
435 2413 531 2477 iure
554 2412 775 2477 territorii
797 2412 1012 2478 controversia
1034 2417 1083 2479 est
1098 2413 1138 2478 de
1152 2413 1214 2494 his,
1235 2411 1374 2495 quaead

198 2515 300 2600 ipsam
331 2518 442 2581 urbem
472 2517 648 2601 pertinent,
681 2517 747 2581 sive
779 2516 855 2600 quid
887 2517 974 2582 intra
995 2516 1174 2601 pomerium
1197 2515 1264 2582 eius
1287 2516 1376 2580 urbis

199 2621 269 2701 erit,
295 2621 379 2705 quod
400 2644 420 2685 a
442 2622 575 2706 privatis
600 2624 747 2707 operibus
771 2622 909 2707 optineri
924 2645 989 2688 non
1005 2622 1179 2707 oportebit.
1205 2661 1246 2670 —
1270 2620 1309 2685 1⁴³.
1324 2627 1376 2686 52.

199 2726 240 2790 A.
257 2731 307 2791 84.
330 2726 373 2791 H.
391 2732 463 2791 133.

198 2916 358 2987 provinciae
383 2916 486 2984 agitur,
506 2948 539 2956 -
559 2918 630 2971 sicut
649 2918 693 2972 lex
712 2918 767 2972 ait:
797 2917 859 2972 ‘nisi
883 2917 918 2974 de
937 2917 1114 2987 possessionis
1143 2919 1223 2972 statu
1242 2917 1371 2987 quaestio

199 3003 284 3057 fuerit
303 3003 468 3067 terminata,
488 3023 543 3060 non
563 3005 628 3060 licet
646 3007 766 3061 mensori
784 3006 892 3076 praeire
911 3006 946 3058 ad
965 3003 1043 3060 loca'.

272 3092 297 3157 1)
314 3090 382 3144 haec
398 3096 441 3145 est
459 3110 526 3145 num
544 3091 611 3160 quid
632 3093 733 3159 (haesit
751 3111 807 3147 non
825 3092 899 3161 quod
918 3092 992 3160 Arc,
1011 3094 1053 3147 est
1068 3092 1091 3146 si
1103 3094 1171 3147 haec
1183 3093 1208 3146 si
1220 3093 1253 3146 in
1268 3093 1371 3161 erlf.)

201 3178 234 3230 de
253 3193 307 3233 occ.
327 3181 458 3248 ageretur
477 3180 584 3249 (agitur
603 3179 706 3249 Guels.)
733 3181 809 3249 agris
828 3182 857 3234 et
882 3180 940 3251 (sed
952 3180 1025 3245 Arc,
1044 3196 1094 3234 om.
1108 3179 1212 3248 Gaelfi)
1232 3179 1371 3249 quidquid

200 3265 263 3320 libri
279 3267 412 3336 [praesta
424 3267 556 3335 sonasse:
574 3267 643 3321 haec
656 3269 711 3322 est:
730 3269 753 3320 si
771 3268 805 3322 de
817 3268 1000 3337 occupatoriis
1019 3268 1114 3338 agitur
1126 3265 1210 3335 agris,
1234 3267 1369 3337 quidquid

200 3360 245 3407 cet.
265 3353 314 3407 Tu.
326 3354 373 3423 Ml
392 3385 426 3392 —-
445 3355 472 3420 2)
491 3353 574 3408 Sicut.
587 3357 696 3421 150,24.·
714 3353 801 3408 Rivus
819 3385 855 3394 -
874 3355 1003 3423 quotiens
1016 3355 1100 3408 finem
1112 3353 1191 3421 facit,
1212 3355 1376 3424 appellatur

202 3441 270 3495 ‘rivo
288 3443 363 3496 recto
381 3458 518 3510 curvoque
536 3442 596 3510 (oct
613 3443 662 3496 del.
681 3443 730 3496 boc
747 3458 802 3496 ooo.
820 3449 936 3497 osteor.
954 3458 1096 3511 cursuque.
1124 3442 1174 3498 Tra
1192 3441 1265 3511 M.)’;
1283 3443 1333 3511 qui
1354 3442 1377 3496 si

202 3528 318 3583 alicuius
331 3530 421 3583 terras
440 3529 603 3582 minutatim
622 3546 654 3583 ex
673 3530 730 3583 alia
748 3533 831 3599 parte
849 3529 999 3585 abstrahat
1017 3531 1048 3584 et
1066 3529 1116 3584 alii
1134 3531 1277 3586 contrario
1294 3530 1377 3586 relin-

202 3618 280 3684 quat,
300 3616 373 3685 quod
386 3619 487 3672 vocant
500 3616 678 3672 abluvionem
691 3617 872 3684 (alluvionem
885 3618 952 3687 cod.)
964 3619 993 3671 et
1003 3616 1176 3673 alluvionem
1189 3616 1378 3687 (alluvionum

202 3703 282 3771 cod),
310 3702 424 3771 repetiti
442 3703 555 3759 ofinium
573 3723 630 3759 non
647 3705 732 3758 datur
751 3705 859 3775 (finium
878 3705 1000 3758 addatur
1019 3705 1110 3768 lsbcr);
1136 3703 1246 3758 inducit
1265 3703 1377 3772 (indicit

203 3790 277 3860 leber)
297 3790 371 3844 enim
389 3792 582 3845 necessitatem
600 3792 726 3860 riparum
745 3793 921 3846 tuendarum.
940 3792 1013 3861 quod
1031 3792 1105 3846 iuste
1122 3791 1235 3845 videtur
1248 3809 1379 3861 prospec-

203 3879 272 3940 tum,
292 3880 323 3930 ut
346 3880 439 3932 terrae
457 3877 657 3947 possessoribus
676 3879 772 3932 salvae
791 3879 855 3943 sint,
876 3879 963 3933 etiam
982 3879 1111 3947 publicae
1131 3877 1268 3932 utilitatis
1286 3895 1380 3933 causa.

203 3965 280 4030 Quod
300 3967 322 4018 si
342 3965 375 4035 (si
397 3982 446 4019 om.
467 3967 544 4035 leber)
570 3966 599 4019 vi
618 3968 819 4037 tempestatum
838 3965 892 4020 rivi
910 3968 1049 4022 torrentes
1074 3965 1167 4021 subito
1186 3965 1302 4019 alveum
1320 3984 1381 4019 cur·

206 4070 321 4122 sumque
339 4054 430 4121 (alueo
449 4071 583 4124 cursuque
602 4055 676 4124 liber)
694 4057 819 4121 mutent,
844 4053 950 4108 iustum
967 4052 1135 4123 (munientes
1154 4055 1217 4106 tum
1234 4053 1328 4122 leber),
1351 4057 1383 4107 ut

203 4143 301 4195 nostra
320 4141 376 4194 fert
393 4141 494 4211 opinio,
515 4142 576 4205 erit,
595 4144 628 4195 ut
647 4142 721 4196 alvei
739 4141 841 4196 veteris
859 4143 926 4196 fines
939 4158 1001 4196 suos
1013 4139 1131 4210 quisque
1143 4139 1279 4195 obtineat.
1301 4171 1338 4179 —
1356 4141 1383 4210 3)

205 4228 306 4282 efficiet
319 4228 355 4282 ad
366 4230 438 4298 Arc,
458 4230 543 4284 efficit
562 4230 598 4284 ad
612 4229 702 4299 Gaelfi
720 4259 756 4271 —-
773 4231 800 4295 4)
820 4231 968 4300 appareret
988 4228 1122 4284 Huschke.
1139 4259 1175 4268 —
1193 4229 1221 4298 5)
1240 4230 1273 4282 at
1291 4229 1382 4284 Laclr·

204 4331 294 4378 mane.
